3554 4822
793 463 1003 542 „47¹-

327 645 571 733 „excitierende
601 647 804 714 rhetorisohe
832 649 983 733 Fragen“
1023 648 1283 715 nominarentur.
1343 645 1466 726 Quodsi

329 735 450 799 iterum
470 732 648 818 imaginem
672 754 692 798 a
714 733 920 818 geometricis
944 741 1055 818 petere
1078 735 1167 817 licet,
1190 755 1262 798 curn
1285 733 1362 798 illae
1384 756 1467 818 puu-

328 826 419 885 ctum
442 819 577 903 aliquod
608 819 795 885 desiderent
817 819 906 902 quod
934 821 1065 884 omniuo
1096 840 1163 884 non
1187 825 1309 903 exstet,
1339 819 1401 884 bae
1424 820 1466 885 ad

328 905 524 970 immensum
547 906 686 990 spatium
709 910 861 991 spectent
882 905 971 988 quod
992 906 1091 971 certis
1106 904 1226 969 finibus
1243 904 1466 971 circumscribi

329 1011 397 1056 nou
418 992 533 1073 possit

415 1075 597 1159 Utriusque
627 1077 755 1160 generis
784 1076 1006 1160 discrepantia
1028 1075 1184 1140 facillime
1215 1075 1291 1140 inde
1314 1077 1466 1157 sumitur,

330 1159 421 1244 quod
452 1183 517 1228 nou
548 1162 803 1244 unumquodque
833 1182 1013 1244 pronomen
1036 1163 1309 1244 interrogativum
1324 1160 1359 1225 in
1379 1168 1466 1226 utro·

329 1267 393 1329 que
417 1267 535 1332 genere
557 1247 661 1313 libero
684 1247 821 1313 arbitrio
844 1246 994 1312 adhiberi
1017 1253 1124 1331 potest
1147 1265 1254 1328 neque
1277 1266 1316 1310 ea
1335 1265 1467 1330 quoquc

328 1334 526 1480 {pronomina
554 1333 588 1397 in
617 1353 701 1416 quac
723 1333 786 1398 hoc
808 1331 915 1397 minus
939 1332 1030 1399 cedit
1050 1333 1124 1417 pari
1147 1332 1279 1414 utrique
1304 1331 1466 1398 11011111-

354 1424 453 1483 entur
483 1439 554 1484 esse
584 1426 727 1502 accepte.
772 1417 976 1500 Quemquam
1004 1424 1073 1482 tota
1110 1417 1191 1481 haec
1222 1418 1372 1499 quaestio
1402 1418 1466 1483 nisi

328 1503 491 1586 singulari
522 1503 755 1568 dissertatione
785 1522 869 1586 quae
892 1503 1023 1586 singula
1045 1503 1222 1586 diligenter
1245 1502 1396 1568 observet
1418 1502 1465 1570 iu·

328 1588 450 1655 stitute
480 1588 604 1655 absolvi
627 1612 692 1655 non
715 1590 853 1672 poterit,
882 1595 992 1653 tamen
1015 1587 1176 1653 nonnulla
1197 1595 1286 1651 corte
1309 1587 1466 1655 hocloco

328 1671 405 1739 licet
427 1680 571 1758 tangere.
616 1674 663 1738 Ac
683 1674 823 1756 primum
847 1695 1027 1757 pronomen
1050 1675 1112 1756 τίς,
1142 1671 1337 1737 Latinorum
1359 1676 1467 1760 ‚quis‘,

330 1767 481 1826 nostrum
503 1760 612 1843 ‚,wer“
633 1760 667 1825 in
690 1759 1002 1842 interrogationibus
1025 1757 1220 1824 infinitatem
1242 1759 1466 1842 spectantibus

328 1845 484 1928 usurpari
507 1865 573 1910 non
596 1866 692 1929 posse
712 1846 785 1927 quis
808 1851 857 1909 est
880 1844 959 1926 quin
981 1845 1108 1927 rideat,
1131 1864 1204 1908 curn
1227 1863 1387 1927 personae
1410 1866 1466 1911 no·

332 1929 380 1995 tio
417 1929 459 1994 ab
490 1929 662 1996 infinitatis
699 1929 937 2013 significatione
977 1949 1111 2014 prorsus
1147 1927 1324 1994 abhorreat
1359 1950 1466 2014 neque

329 2014 464 2080 omnino
487 2016 626 2099 cogitari
648 2017 751 2099 possit
773 2016 837 2079 nisi
859 2015 954 2079 linita
975 2036 1014 2079 ac
1042 2015 1300 2095 circumscripte.
1345 2015 1466 2082 Similis

328 2099 416 2166 ratio
445 2107 494 2166 est
520 2103 765 2185 pronominum:
795 2099 875 2165 ubi?
903 2101 1014 2165 unde?
1042 2099 1123 2164 cur?
1155 2099 1334 2182 quorsum?
1375 2108 1409 2164 et
1435 2122 1466 2185 q.

330 2206 354 2250 s.
378 2207 404 2251 s.
437 2187 592 2268 quoniam
621 2186 705 2254 haec
735 2186 845 2251 omnia
874 2185 917 2250 ad
946 2205 1048 2250 unuin
1077 2184 1205 2267 aliquid
1228 2183 1466 2268 definitumque

328 2276 491 2352 spectant.
523 2273 726 2354 Quemquam
742 2272 855 2354 negari
869 2292 935 2335 non
959 2271 1080 2353 poterit
1101 2292 1197 2335 usum
1220 2291 1466 2353 nonnumquam

328 2355 410 2420 fines
434 2358 653 2454 praescriptos
677 2355 804 2440 egredi3
834 2356 935 2421 veluti
959 2378 1031 2421 crrnr
1055 2356 1088 2419 in
1112 2364 1223 2420 nostro
1247 2375 1406 2439 sermone,
1429 2362 1467 2422 ut

329 2440 473 2522 aliquem
504 2439 667 2506 lromrnom
700 2443 757 2524 qui
787 2441 936 2523 proximo
967 2450 1114 2525 ternpore
1145 2439 1260 2504 aderat
1282 2442 1348 2505 iem
1371 2442 1467 2525 longe

329 2547 350 2590 a
379 2525 474 2591 nobis
504 2525 619 2592 abesse
649 2528 869 2608 exprimamus
892 2526 973 2591 haec
995 2525 1095 2591 rerba
1117 2527 1294 2591 mittimus:
1324 2527 1395 2591 Ach
1417 2549 1466 2593 wo

329 2612 374 2676 ist
396 2610 455 2676 der
473 2611 557 2694 jetzt
578 2611 695 2678 echon!
720 2633 919 2694 quamquam
942 2611 1003 2677 hoc
1026 2612 1207 2677 litterarum
1229 2613 1467 2679 consuetudine

329 2697 437 2761 minus
460 2706 681 2763 consecratum
705 2706 765 2762 est.

414 2781 483 2847 lem
500 2804 576 2847 vero
593 2803 650 2847 eee
660 2783 935 2866 interrogationes
950 2805 1035 2867 qnae
1050 2782 1236 2865 negationis
1246 2784 1317 2848 loco
1333 2788 1467 2850 exstent

329 2865 397 2931 alia
419 2869 615 2950 pronomina
637 2868 705 2932 i'cre
729 2867 905 2953 repudiant
927 2876 965 2934 ut
986 2873 1097 2950 ποῖος,
1122 2864 1241 2950 πόσος,
1272 2868 1466 2934 Latinorum

328 2951 447 3036 qualis,
467 2962 625 3035 quantus3
646 2953 765 3019 etenim
779 2955 848 3018 eius
864 2959 993 3018 tantum
1009 2954 1057 3018 rei
1069 2956 1237 3036 quantitas
1252 2954 1302 3017 vel
1320 2954 1466 3037 qualitas

329 3039 526 3121 interrogari
548 3045 658 3123 potest
680 3057 816 3122 quaere
838 3059 915 3103 vere
938 3045 1055 3104 exstat.
1100 3037 1224 3103 Tamen
1247 3047 1381 3103 exstant
1404 3039 1466 3104 loci

328 3122 386 3187 ubi
431 3125 604 3188 ronomina
626 3125 684 3191 illa
708 3126 915 3208 negationem
936 3123 1102 3208 quandem
1125 3122 1311 3207 significent
1333 3144 1376 3190 sc.
1400 3146 1465 3190 non

330 3145 528 3293 absolutam,
551 3210 608 3274 sed
630 3209 803 3274 relativam
826 3231 927 3293 quam
948 3210 1062 3276 dicunt
1085 3209 1312 3293 negationem:
1336 3208 1375 3272 cf.
1389 3209 1466 3277 Tac.

328 3293 437 3377 Agrio.
462 3296 517 3359 15:
542 3301 744 3377 quantum
767 3296 938 3361 transiisse
961 3295 1126 3360 militum?
1151 3296 1170 3359 1.
1194 3317 1220 3359 e.
1244 3316 1380 3379 parvum
1397 3305 1466 3360 tan·

327 3383 399 3442 tum
409 3400 589 3445 numerum.
613 3380 713 3464 Soplr.
732 3381 781 3446 Ai.
800 3383 882 3445 1235
900 3402 970 3464 sqq.
987 3376 1082 3444 ταῦτ’
1105 3379 1167 3444 οὐκ
1181 3377 1319 3445 ἀκούειν
1333 3379 1466 3462 μεγάλα

329 3465 415 3548 πρὸς
437 3461 567 3529 δούλων
589 3465 681 3529 κακά
691 3467 714 3550 ;,1’
735 3463 854 3531 ποίου
879 3467 1049 3549 κέκραγας
1069 3463 1196 3548 ἄνδράς
1217 3455 1466 3551 ὧδ’ὐπὲρφρονα

329 3547 417 3632 (cum
434 3552 677 3634 contemptione
695 3551 843 3628 dictum).
861 3550 899 3615 cl.
915 3553 1014 3616 etiem
1029 3549 1117 3616 infra
1141 3573 1171 3635 p.
1189 3553 1250 3615 1111
1265 3572 1313 3634 sq.
1350 3555 1466 3629 Quem·

331 3655 431 3718 quem
462 3636 544 3700 talia
574 3637 690 3720 opinor
721 3658 785 3701 non
817 3637 913 3701 nimis
937 3635 1128 3718 frequenter
1151 3637 1465 3704 animadvertentur.

330 3719 482 3803 Denique
511 3721 593 3786 talia
623 3720 1242 3806 11110111111111111111πηλίκος,
1274 3719 1393 3798 πηνίκα
1424 3721 1467 3786 ad

330 3813 483 3871 neutrum
514 3806 809 3890 interrogationum
839 3829 940 3890 genus
969 3815 1050 3888 epta
1081 3817 1160 3870 sunt
1190 3828 1295 3890 neque
1325 3807 1380 3871 vix
1414 3829 1465 3872 us·

328 3911 429 3973 quam
451 3890 616 3957 rhetorica
639 3894 668 3956 vi
693 3894 855 3957 instructa
877 3892 1093 3975 reperientur.
1128 3892 1333 3974 Quamquam
1350 3893 1467 3958 utiam

329 3977 398 4040 dixi
425 3976 468 4040 ed
496 3976 579 4041 haec
608 3980 790 4043 eneruatius
821 3977 1018 4062 inquirenda
1047 3978 1208 4060 singulari
1237 3976 1349 4042 labore
1385 3999 1467 4060 opus

328 4063 402 4126 erit.
427 4099 466 4108 -
491 4061 612 4126 Verum
642 4071 680 4127 ut
702 4063 744 4128 ad
766 4065 971 4148 propositum
995 4069 1165 4127 revocetur
1188 4065 1312 4144 oratio,
1335 4063 1468 4146 singule

329 4147 399 4213 eius
411 4148 541 4230 generis
553 4147 709 4213 rhetorici
725 4150 812 4233 quod
826 4150 931 4214 altero
947 4149 1017 4213 loco
1026 4148 1256 4213 collocavimus
1269 4149 1464 4214 intueamur.
