3554 4822
851 467 1061 526 -20-2

386 647 553 710 sermone3
590 627 629 698 oi.
661 631 759 700 Mart.
789 632 986 700 Schanzium
1021 631 1078 716 qui
1114 633 1149 698 in
1188 627 1267 698 Nor.
1305 626 1522 699 commentat.

384 737 508 803 Platon.
539 736 692 823 (Wireeb.
723 737 777 816 in
808 759 840 822 p.
872 737 911 802 16
942 757 1013 820 sqq.
1043 736 1083 801 de
1122 733 1211 799 τοῦτ’
1235 737 1342 800 έκεῖνο
1381 735 1523 804 formula

385 841 475 923 apud
497 839 666 907 Platonem
689 849 789 923 atque
812 839 1069 925 Aristophanem
1093 840 1219 906 usitata
1242 839 1419 923 diligenter
1442 842 1522 923 agit.

471 944 508 1009 In
532 943 680 1010 omnibus
703 944 805 1028 igitur
828 963 1039 1026 quascunque
1062 949 1210 1006 extremo
1226 943 1296 1008 loeo
1312 944 1522 1026 apposuimus

386 1045 534 1112 formulis
550 1047 794 1130 interrogativis
811 1045 957 1111 videmus
981 1046 1273 1128 interrogationem
1296 1044 1399 1111 animi
1422 1069 1446 1111 s.
1466 1047 1523 1113 ad-

384 1149 560 1215 miratione
591 1171 615 1214 s.
645 1155 769 1215 terrore
797 1149 917 1233 quibus
940 1149 1068 1232 aliquid
1090 1157 1150 1214 aut
1172 1147 1296 1212 dictum
1319 1155 1378 1212 aut
1399 1147 1523 1216 laetum

383 1251 567 1336 excipiatur
590 1251 707 1316 excuti.
735 1251 826 1330 Quae
849 1273 901 1316 res
925 1250 1019 1316 nobis
1042 1260 1158 1334 aptum
1182 1250 1361 1317 transitum
1384 1252 1522 1335 praebet

384 1353 428 1421 ad
451 1375 571 1420 novum
593 1353 758 1438 quendam
782 1357 887 1420 locum
910 1355 1038 1420 ratione
1061 1351 1302 1437 inquirendum.

484 1608 509 1698 ,ξ
533 1613 561 1677 i.
590 1613 632 1681 tie
656 1613 950 1698 interrogationibus
973 1613 1176 1680 concitatiore
1199 1614 1294 1680 animi
1318 1611 1429 1680 aiiectu

728 1717 883 1785 distinctis
907 1735 967 1785 non
992 1718 1167 1785 rhetoricis.

470 1851 656 1918 Cavendum
684 1854 837 1920 nimirum
865 1862 916 1920 est
947 1875 987 1919 ne
1017 1861 1166 1919 cunctam
1198 1872 1310 1916 earum
1339 1852 1519 1937 interroga-

382 1955 509 2021 tionum
540 1977 564 2020 a.
594 1956 692 2021 certis
721 1956 869 2023 formulis
899 1957 1111 2039 alligatorum
1140 1979 1164 2021 s.
1194 1955 1293 2020 aliurn
1324 1957 1358 2020 in
1388 1956 1520 2021 modurn

384 2055 662 2124 conformatorum
685 2059 821 2126 classem
847 2081 932 2142 quae
956 2060 1161 2124 concitatiori
1185 2058 1288 2124 animi
1311 2057 1431 2124 all'ectu
1447 2081 1520 2143 pro·

381 2161 593 2246 nuntientur,
623 2161 708 2226 hanc
736 2162 778 2229 ob
803 2184 937 2229 causam
968 2162 1010 2227 ad
1040 2161 1312 2245 interrogationes
1340 2161 1519 2228 rhetoricas

381 2260 570 2329 referamus
608 2263 698 2342 Quae
711 2272 841 2329 tantum
856 2263 952 2331 abest
968 2272 1006 2328 ut
1022 2286 1042 2329 a
1056 2285 1208 2328 verarum
1221 2264 1519 2346 interrogationum

381 2383 575 2449 responsum
608 2366 865 2433 desiderantium
896 2369 1025 2434 ratione
1055 2366 1260 2433 abhorreant
1287 2372 1326 2430 ut
1357 2365 1391 2430 id
1417 2366 1519 2433 etiam

380 2467 617 2534 vehementiori
648 2469 676 2532 vi
708 2468 865 2553 tlagitent.
915 2467 1028 2552 Neque
1065 2470 1153 2533 enim
1186 2468 1449 2551 Clytaemnestra
1484 2470 1518 2534 in

382 2569 480 2653 Soph.
511 2571 560 2635 El.
589 2572 652 2636 ute
675 2591 745 2654 sqq
776 2593 874 2655 quem
901 2573 1083 2638 locumt
1035 2579 1083 2637 tot
1085 2593 1139 2636 um
1163 2569 1216 2635 lric
1239 2589 1404 2654 apponere
1427 2571 1518 2636 licet:

378 2671 476 2737 Paed.
499 2668 640 2751 τέθνηκ’
667 2672 838 2757 Ὀρέστης·
862 2673 1036 2761 ἐνβραχιῐ
1056 2671 1197 2750 ξυνθεὶς
1221 2673 1313 2755 λέγω.
1338 2673 1385 2738 El
1407 2668 1446 2738 oi
1462 2673 1520 2754 'poi

380 2771 521 2858 τάλαιν’,
550 2770 665 2840 ὄλωλα
695 2777 765 2863 τῇδ’
795 2778 827 2839 a
858 2773 980 2864 ἡμέρᾳ
1021 2775 1066 2841 cl.
1100 2773 1136 2839 τί
1163 2772 1265 2861 φής,
1292 2773 1330 2839 τί
1359 2799 1463 2867 φῃς,
1492 2763 1517 2839 ὦ

380 2875 481 2957 ξεῖνε,
501 2878 549 2962 μή
575 2900 699 2957 ταυτης
721 2878 816 2952 aivis,
840 2880 1085 2964 responsionem
1108 2879 1255 2963 neglegit
1273 2878 1330 2943 sed
1348 2878 1516 2944 vehemen-

378 2984 505 3051 tissimo
534 2985 627 3050 ardet
653 2983 839 3067 paedagogi
862 2980 1060 3048 exaudiendi
1082 2980 1255 3047 desiderio.
1299 2983 1343 3047 nt
1365 2984 1516 3048 nuntium

377 3110 451 3155 eum
467 3110 564 3172 quem
581 3087 744 3153 desiderat
762 3086 828 3152 iam
851 3085 992 3167 accepit;
1014 3105 1073 3148 cur
1094 3084 1198 3168 igitur
1219 3085 1424 3168 interrogat?
1447 3084 1517 3151 Hoc

376 3192 479 3258 animi
514 3199 637 3258 natura
670 3191 750 3256 satis
787 3193 960 3273 perspecta
997 3208 1063 3253 non
1093 3185 1226 3251 difficile
1256 3193 1309 3252 est
1344 3187 1515 3270 explicatu.

376 3293 540 3360 Nimirum
570 3296 754 3379 quicunque
785 3313 873 3358 nova
903 3290 1018 3373 aliqua
1048 3309 1128 3355 res.
1153 3297 1326 3372 conspecta
1352 3312 1376 3356 s
1400 3290 1517 3357 audita

377 3396 549 3464 mirificum
571 3405 728 3481 quantum
750 3401 969 3462 commotast
955 3393 1038 3459 talia
1065 3391 1132 3457 edit
1161 3391 1275 3475 qualia
1298 3399 1392 3459 sunt:
1415 3393 1513 3478 ‚de

376 3498 474 3566 hoct‘
504 3498 601 3584 ‚Quid
631 3498 797 3565 dicisi‘e
781 3519 861 3580 eq.
892 3497 931 3561 ei.
956 3519 985 3580 g.
1008 3517 1033 3560 s
1057 3494 1085 3559 is
1108 3494 1199 3559 illam
1220 3516 1289 3560 rem
1313 3517 1513 3579 quamquam

375 3603 456 3689 ipsis
486 3601 590 3667 oculis
612 3601 663 3665 vel
691 3600 825 3666 auribus
848 3599 1007 3684 percepit,
1030 3605 1140 3662 tamen
1165 3598 1282 3663 ceteris
1305 3598 1407 3663 animi
1429 3600 1513 3683 cogi·

374 3703 558 3772 tationibus
595 3709 714 3787 utpote
751 3703 780 3767 ei
817 3702 1039 3785 maximopere
1072 3699 1330 3785 repugnantibus
1370 3701 1513 3768 nondum

373 3806 528 3890 inseruit,
559 3806 672 3888 itaque
701 3805 891 3890 interrogat.
926 3803 979 3870 Sic
1003 3803 1265 3887 Clytaemnestra
1288 3824 1418 3886 quoque
1441 3825 1513 3868 cum

375 3907 502 3974 Orestis
525 3909 634 3992 imago
656 3907 773 3973 ultoris
798 3907 875 3973 olim
898 3905 1069 3971 adventuri
1092 3904 1155 3969 sibi
1178 3926 1307 3990 semper
1329 3906 1438 3972 animo
1458 3904 1512 3970 ob·

376 4019 507 4077 versata
520 4018 607 4076 esset
626 4012 761 4076 nuntius
778 4010 833 4076 ille
854 4009 903 4073 ita
920 4028 979 4074 nee
989 4009 1142 4090 opinatus
1157 4007 1249 4072 venit
1263 4015 1301 4072 ut
1319 4028 1393 4071 eum
1406 4009 1512 4089 primo

377 4113 495 4180 auditu
524 4112 779 4197 cogitationibus
808 4112 848 4178 iis
876 4110 996 4195 quibus
1022 4111 1223 4176 assuevisset
1244 4111 1376 4176 omnino
1399 4129 1512 4176 conso·
