3554 4822
737 404 951 476 ,42-

270 580 402 666 quidem
429 601 501 647 eum
531 580 566 647 in
588 581 832 647 enuntiationes
855 580 927 648 sine
948 580 1123 665 negatione
1145 581 1293 664 prolatas
1315 601 1395 666 qua·

270 685 343 752 drot
365 685 419 771 (of.
442 686 581 769 exempli
603 705 703 752 eausa
725 685 833 750 lecum
847 682 992 769 Euthyd.
1014 683 1079 748 300
1100 703 1127 749 e.
1150 683 1207 749 ubi
1230 680 1263 748 εἰ
1285 684 1390 770 γελᾷς
1396 707 1407 762 ;

269 785 356 852 idem
379 787 446 852 fere
469 794 638 871 astatque
660 787 773 872 ,risum
795 787 931 871 mittos‘,
954 785 990 852 in
1005 784 1139 852 Theaet.
1165 786 1227 851 146
1251 807 1279 854 a.
1302 782 1337 851 τί
1358 807 1408 851 οι·

270 890 372 974 roim
395 890 481 955 idem
504 890 592 972 quod
613 890 822 973 loquimini)
846 897 915 956 tum
938 888 1042 955 multe
1064 889 1165 954 etiam
1183 890 1287 974 magis
1301 889 1336 955 in
1351 909 1407 956 eas

271 1011 356 1074 quae
386 993 593 1076 negationem
623 992 779 1058 exhibent
809 1013 895 1075 quae
924 991 993 1056 fere
1017 1011 1128 1057 omnes
1152 990 1187 1056 in
1209 991 1406 1058 enuntiatio·

271 1114 349 1158 num
372 1094 658 1178 imperatoriamm
687 1093 906 1160 conditionem
936 1092 1101 1160 abierunt.
1145 1091 1305 1178 Exempla
1325 1093 1407 1160 haee

270 1193 392 1263 habes:
425 1197 501 1281 ltep.
531 1198 594 1262 333
624 1216 650 1261 e.
680 1194 789 1261 ἀλλά
818 1194 859 1261 τί
888 1193 964 1260 οὐκ
988 1193 1205 1278 innuerim
1236 1193 1312 1260 ἀλλ’
1344 1192 1406 1260 οὐκ

269 1295 458 1376 ἐθελήσεις.
490 1298 590 1364 Laeh.
621 1301 677 1364 131
711 1299 741 1364 d.
777 1298 808 1365 S.
840 1295 915 1364 ἀλλ’
946 1284 1116 1378 amnia,
1149 1293 1186 1362 τί
1215 1295 1262 1362 ον’
1293 1297 1408 1384 λέγει

270 1398 451 1484 πότερος
486 1397 620 1485 ὑμῶν;
656 1401 724 1466 Nie.
763 1401 839 1467 ἀλλ’
869 1395 969 1465 ου’δὲν
1002 1400 1130 1465 notia.
1180 1399 1253 1486 bys.
1284 1402 1345 1466 211
1377 1401 1407 1467 d.

271 1500 375 1567 cteta:
408 1500 447 1565 τί
469 1490 517 1569 οὗ
527 1528 546 1570 ν
574 1504 648 1570 οὐκ
676 1503 856 1588 ε’ρωτᾷς,·
893 1502 924 1569 S.
954 1499 1031 1566 ἀλλ’
1058 1500 1232 1587 ἐρήσομαι.
1276 1502 1407 1587 Protag.

270 1603 334 1669 310
362 1624 388 1668 e.
418 1604 528 1670 οἰλλοὶ
558 1603 596 1671 τί
623 1604 670 1672 ov’
698 1603 939 1694 βαδίζομεν
969 1599 1048 1692 παρ’
1077 1602 1185 1669 αὐτόν
1213 1595 1272 1671 ἵνα
1306 1601 1408 1670 ἔνδον

272 1705 538 1791 καταλάβομεν;
561 1709 672 1793 Temp.
684 1715 788 1792 praet.
810 1707 863 1774 his
879 1708 960 1775 loois
983 1708 1137 1772 eeourrit:
1161 1705 1268 1791 Symp.
1292 1707 1353 1772 173
1377 1704 1407 1771 b.

270 1805 312 1873 τί
332 1797 404 1874 οὖν
424 1807 471 1874 οὐ
493 1808 683 1894 διηγήσω
705 1832 788 1892 peu
817 1809 1001 1876 Philebus
1023 1808 1053 1874 b.
1084 1795 1408 1874 1ίοῦνοῦκαύ-

272 1909 329 1986 τὸς
359 1907 579 1997 π’πεκρίνω
607 1915 721 1996 σαυτῷ
730 1939 741 1986 ,·
769 1911 810 1977 el.
840 1911 941 1996 Suph.
970 1911 1032 1976 251
1056 1932 1082 1976 e.
1113 1911 1218 1976 Parm.
1245 1911 1304 1975 136
1327 1930 1353 1976 e.
1377 1909 1407 1975 d.

271 2012 401 2079 Charm.
426 2015 486 2079 155
509 2035 537 2078 a.
561 2015 682 2098 Protag
704 2017 769 2079 310
790 2036 820 2082 a.
843 2013 930 2079 bien.
953 2014 995 2078 02
1017 2013 1047 2077 d.
1072 2015 1106 2078 in
1135 2013 1311 2079 reiectione
1333 2032 1408 2098 pro-

270 2116 371 2200 positi
400 2116 444 2195 (S.
467 2166 474 2179 .
498 2165 506 2180 .
529 2115 620 2182 ἄλλο’
651 2115 693 2195 δή
726 2113 869 2191 ἐκείνους
899 2109 994 2180 εἰπὲ
1019 2113 1181 2199 ἡμῖνκαὶ
1206 2114 1267 2180 τόν
1289 2137 1407 2202 πατρι-

272 2216 333 2283 κόν
362 2216 484 2286 τόνδε
515 2216 650 2305 ἑταῖρον
680 2215 992 2303 εὐεργέτησον,
1020 2217 1188 2305 φράσας
1217 2213 1311 2302 αὐτῷ
1334 2268 1342 2284 .
1367 2262 1407 2281 ..

270 2315 961 2409 Α11.τὶδὲοείτῷούσὺἔφρπσπς,·)

355 2423 385 2488 3.
408 2444 453 2507 sg.
477 2421 577 2489 habes
593 2423 713 2489 Phaed.
729 2423 771 2488 30
794 2423 834 2488 d.:
857 2418 889 2486 εἰ
911 2408 972 2488 οὖν
993 2443 1043 2497 τες
1067 2417 1158 2507 ὑμῶν
1179 2419 1407 2506 εὐπορώτερος

269 2522 359 2608 ἐμοῦ,
382 2521 421 2590 τί
444 2523 506 2590 οὐκ
530 2522 755 2612 οὶπεκρίνατος
780 2527 807 2590 1.
825 2524 1017 2609 pl.P1·etag.
1035 2523 1096 2589 217
1111 2524 1158 2589 tl:
1171 2524 1202 2590 S.
1224 2522 1258 2588 τί
1272 2506 1345 2590 οὖν
1358 2524 1404 2590 ov'

270 2626 328 2690 καὶ
345 2625 520 2713 Πρόδικον
543 2632 601 2692 καὶ
614 2625 703 2692 Ἱππ
716 2626 789 2694 ίαν
803 2627 1019 2709 ἐκαλέοαμ
1032 2648 1074 2692 εν
1089 2629 1146 2689 καὶ
1173 2624 1331 2709 τούςμετ’
1346 2627 1406 2692 ου’-

271 2732 337 2795 τῶν
357 2721 415 2794 ἵνα
437 2728 667 2797 ἐπακούοωσιν
690 2729 799 2813 η’μῶνς
822 2729 862 2794 of.
878 2728 1006 2796 Politie.
1029 2726 1357 2795 2191101111111154
1379 2751 1407 2796 e.

356 2831 426 2899 lam
455 2833 556 2917 igitur
586 2834 731 2900 videmus
762 2832 1040 2916 interrogationes
1063 2830 1245 2897 rhetoricas
1268 2852 1334 2898 uon
1357 2854 1406 2900 so·

271 2936 338 3001 lum
362 2935 616 3001 affirmationum
646 2937 703 3002 sed
734 2937 835 3002 etiam
858 2933 1119 3020 postulationum
1146 2933 1294 3019 partibus
1315 2934 1409 3021 fungi

272 3060 386 3122 posse:
415 3038 450 3104 id
480 3037 568 3122 quod
598 3040 684 3104 intra
714 3040 749 3104 in
778 3045 874 3123 parte
904 3036 945 3104 ll.
975 3035 1051 3102 aliis
1088 3057 1218 3120 quoque
1251 3036 1409 3122 exemplis

272 3139 548 3226 comprobabitur.
592 3143 748 3207 Attamen
770 3139 910 3204 Iirazius
940 3140 997 3224 qui
1027 3137 1064 3225 (l.
1094 3138 1115 3204 l.
1138 3162 1169 3224 p.
1192 3139 1228 3226 3)
1257 3141 1328 3205 iure
1350 3161 1409 3208 suo

272 3239 310 3306 G.
334 3242 369 3306 T.
392 3241 430 3306 Α.
452 3243 599 3327 Kriigero
630 3255 661 3308 et
683 3244 835 3328 Zumptio
859 3241 1036 3327 opprobrio
1059 3241 1118 3307 dat
1139 3241 1228 3326 quod
1258 3240 1298 3307 de
1320 3241 1409 3308 affir-

271 3343 473 3411 mationibus
487 3353 616 3411 tantum
639 3347 856 3430 cogitaverint
877 3343 949 3431 (ille
972 3344 1007 3408 in
1024 3343 1080 3410 Gr.
1096 3345 1169 3410 Lat.
1184 3344 1282 3430 ampl.
1305 3342 1330 3434 ξ
1345 3345 1408 3411 516

272 3447 347 3513 adu.
370 3449 401 3529 ὁ,
425 3445 478 3513 hie
500 3449 533 3513 in
556 3448 791 3515 vetustioribus
814 3447 887 3514 edd.
911 3469 1046 3531 gramm.
1072 3444 1096 3535 ἓ
1119 3447 1193 3529 603,
1217 3468 1290 3513 oum
1311 3449 1408 3513 inre-

271 3548 472 3628 eeutioribus
503 3553 686 3617 arniversam
717 3552 1016 3634 interrogationum
1043 3548 1282 3615 rhetoricarum
1305 3551 1409 3616 notio·

272 3677 345 3720 nem
378 3653 517 3739 lladvig.
549 3663 679 3720 secutus
709 3655 876 3739 reiecerit)
907 3652 1005 3718 nimis
1036 3652 1188 3736 religiose
1226 3652 1308 3721 haee
1344 3652 1408 3719 duo

271 3779 393 3842 genera
416 3758 581 3824 discernit.
628 3757 790 3822 Nimirum
820 3758 919 3821 etiam
950 3778 1007 3822 eas
1037 3777 1124 3839 quae
1152 3756 1410 3840 postulationem

271 3861 458 3945 exprimant
497 3859 774 3943 interrogationes
813 3882 833 3922 a
862 3857 1025 3940 principio
1055 3858 1308 3925 ullirmationurn
1337 3861 1409 3926 loco

272 3971 416 4046 exstare,
448 3964 575 4048 imperii
599 3983 673 4027 vero
697 3963 759 4026 rim
789 3960 1023 4025 securrrdarium
1051 3960 1177 4044 aliquid
1210 3983 1279 4026 esse
1313 3961 1409 4027 t'aoile

271 4067 478 4155 perspicitur.
524 4065 717 4155 Quicunque
747 4064 834 4134 euim
867 4063 934 4128 tale
963 4063 1090 4149 aliquid
1120 4064 1283 4133 exclamat
1310 4065 1408 4156 quale
