3554 4822
782 365 1037 478 '-43-

360 587 426 648 est:
450 577 483 647 τί
505 580 566 648 οὐκ
582 579 777 668 ἀποκρίνει;
801 583 964 667 siquidem
980 583 1066 650 hanc
1082 585 1371 668 interrogationem
1388 581 1501 669 generi

359 685 458 770 plane
475 685 637 753 rhetorico
655 685 870 771 vindicamus,
888 687 1090 753 confidenter
1101 686 1298 772 interrogat,
1315 688 1395 770 qnia
1409 686 1501 756 haud

359 786 491 854 dubitat
510 789 590 872 quin
614 789 700 854 alter
723 789 849 856 nullam
873 810 1006 855 causam
1029 788 1145 853 afferre
1169 797 1268 872 queat
1291 811 1349 855 cur
1371 811 1438 856 non
1455 791 1500 857 lo-

360 896 503 976 quatur;
527 912 605 976 ergo
629 891 710 958 dicit
732 893 795 958 hoc
817 893 905 959 fere:
927 893 977 958 Tu
1000 893 1131 957 ornnino
1155 891 1238 957 nihil
1261 912 1380 957 causae
1398 891 1500 959 habes

358 1013 417 1058 cur
438 1015 505 1059 non
516 994 728 1080 respondeas.
767 997 837 1061 Iam
860 995 895 1059 in
911 996 967 1062 tali
985 994 1105 1059 iudicio
1123 994 1379 1080 postulationem
1394 995 1501 1062 inesse

359 1097 494 1182 planum
517 1105 576 1162 est.
622 1098 733 1165 Etiam
767 1097 885 1164 lortius
916 1098 1094 1183 praeterito
1125 1103 1271 1180 tempore
1294 1097 1422 1182 aliquid
1444 1119 1501 1181 po·

359 1198 518 1282 stulatur3
550 1201 738 1285 quicunque
761 1201 847 1266 enirn
870 1201 1069 1284 interrogat:
1103 1194 1142 1262 τί
1165 1195 1227 1264 οὐκ
1249 1186 1358 1276 ciuem
1388 1201 1416 1266 is
1438 1199 1501 1265 hoc

358 1301 455 1368 modo
485 1300 627 1369 iudicat:
658 1308 695 1368 tu
719 1305 786 1370 iam
809 1303 866 1370 diu
889 1301 1031 1369 debebas
1054 1301 1177 1384 dicere;
1208 1323 1285 1386 crgo
1310 1323 1350 1367 ne
1374 1303 1499 1369 diutius

358 1411 523 1489 cunctare,
545 1404 603 1471 sed
625 1405 712 1471 illico
736 1406 881 1490 loquere.
912 1405 977 1471 Vix
999 1426 1081 1491 opus
1103 1411 1154 1470 cst
1176 1405 1298 1470 moneri
1322 1405 1356 1469 in
1380 1404 1500 1471 Latino

359 1526 507 1574 sermone
538 1528 674 1593 prorsus
706 1509 821 1575 eadem
851 1509 1012 1594 specta1·i;
1048 1509 1088 1572 cl.
1117 1508 1205 1592 apud
1233 1507 1388 1575 Plautum
1419 1507 1501 1573 talia

359 1610 471 1693 qualia
486 1615 581 1676 sunt:
604 1611 698 1695 ‚quid
709 1610 878 1677 cessatis?‘
900 1611 994 1696 ‚quin
1009 1609 1149 1693 quiescis
1157 1611 1184 1674 i‘
1198 1609 1320 1677 similia
1336 1630 1421 1693 quae
1437 1608 1500 1675 ire·

359 1712 573 1797 quentissime
603 1720 791 1779 occurrunt.

443 1816 512 1900 Iam
535 1823 574 1881 ut
595 1817 639 1883 ad
660 1817 767 1899 ipsum
790 1818 996 1902 propositum
1017 1814 1188 1882 redeamus
1210 1823 1312 1884 totum
1334 1815 1398 1880 boc
1412 1813 1501 1899 quod

359 1918 567 2004 negationem
602 1924 732 2004 spectat
762 1940 864 2003 genus
893 1918 1096 1984 rhetoricum
1123 1918 1241 1985 videtis
1271 1916 1500 1983 affectionibus

359 2022 461 2087 animi
483 2041 619 2104 prorsus
642 2023 730 2086 inter
753 2043 787 2089 se
812 2021 975 2107 oppositis
997 2020 1196 2105 respondere
1218 2042 1315 2106 posse
1338 2027 1372 2086 et
1395 2027 1500 2084 exue·

359 2143 431 2189 mae
460 2123 680 2208 desperationi
710 2131 744 2190 et
775 2144 921 2190 summae
950 2123 1097 2190 fiduciae.
1142 2123 1207 2189 Sed
1228 2123 1428 2189 monendum
1450 2127 1501 2188 est

359 2227 446 2292 inter
475 2225 534 2290 hos
570 2225 782 2293 affectionum
818 2225 898 2292 lines
936 2225 1163 2292 admirabilem
1193 2224 1501 2292 dissimilitudinum

359 2329 638 2395 continuationem
661 2329 822 2395 interesse
845 2349 931 2413 quae
954 2334 1109 2414 apacata
1131 2329 1232 2394 animi
1256 2326 1501 2411 tranquillitate

359 2430 401 2496 ad
438 2452 599 2499 summam
638 2432 708 2497 cius
743 2430 999 2496 concitationem
1036 2431 1249 2496 ascendentes
1287 2431 1350 2496 hoc
1386 2427 1500 2495 eodem

360 2553 478 2618 genere
501 2534 735 2620 exprimantur.
781 2533 851 2599 lam
874 2532 976 2617 igitur
996 2532 1169 2599 dicendum
1192 2534 1256 2599 crit

619 2755 643 2844 ξ
671 2757 718 2821 13.
743 2757 969 2826 contactibus
993 2757 1233 2841 mitigatorium

360 2891 468 2974 quoad
491 2894 525 2957 in
549 2892 601 2958 bis
624 2892 942 2978 interrogationibus
972 2891 1286 2960 animadvertantur.
1339 2891 1500 2959 Nimirum

360 2995 417 3077 qui
447 2994 593 3080 inopiam
624 3017 722 3078 quam
752 2999 824 3081 ipse
853 2998 955 3062 sentit
977 2997 1041 3062 hoc
1063 2995 1159 3062 modo
1182 2995 1352 3080 exprimit,
1382 2996 1410 3060 is
1433 3015 1501 3061 non

359 3116 490 3162 necesse
513 3104 564 3162 est
587 3117 714 3162 summa
737 3097 890 3165 fortunae
912 3099 1089 3183 iniquitate
1112 3100 1197 3164 ictus
1219 3097 1280 3181 sit,
1308 3097 1367 3162 sed
1389 3103 1501 3181 potest

359 3200 459 3264 etiam
471 3199 619 3265 minutiis
636 3207 766 3266 tuntum
783 3201 960 3286 impeditus
974 3202 1008 3266 in
1021 3206 1197 3284 angustum
1209 3199 1347 3265 venisse.
1370 3200 1501 3266 Pariter
1562 3196 1565 3202 '

359 3301 416 3383 qui
454 3303 489 3367 in
516 3302 658 3368 alterum
688 3304 834 3389 aliquem
864 3303 1101 3387 interrogando
1130 3301 1295 3389 invehitur
1325 3307 1435 3388 potest
1461 3304 1499 3369 ei

359 3422 448 3468 error
474 3410 604 3470 tantum
628 3405 719 3472 illins
743 3427 843 3491 quem
864 3405 1011 3472 refutare
1034 3405 1167 3471 studeat
1189 3406 1298 3471 animo
1322 3403 1500 3471 obversari.

358 3503 410 3570 Ad
431 3527 531 3589 quam
554 3528 624 3573 rem
649 3508 883 3574 illustrandam
906 3508 1019 3592 aliqua
1040 3515 1128 3574 certe
1152 3507 1334 3573 afferantur
1347 3507 1499 3592 exempla

358 3606 506 3674 Platonis
536 3629 556 3674 a
583 3631 649 3694 quo
673 3609 735 3677 hoc
758 3632 862 3696 genus
884 3611 1068 3694 mitigatum
1091 3611 1139 3676 ita
1160 3631 1227 3676 non
1249 3631 1321 3676 esse
1345 3609 1499 3695 alienum,

358 3718 396 3777 ut
417 3711 549 3777 omnino
581 3720 752 3798 occinunt,
784 3736 857 3780 cum
882 3712 1141 3778 vehementiores
1158 3713 1209 3779 illi
1234 3712 1336 3778 animi
1361 3710 1498 3778 affectus

358 3813 558 3897 tragicorum
568 3822 742 3898 poetarum
750 3817 856 3900 magis
872 3817 999 3902 proprii
1013 3816 1089 3900 sint,
1098 3817 1152 3882 vix
1167 3824 1218 3883 est
1232 3815 1322 3900 quod
1336 3835 1498 3882 moneam.

443 3917 490 3980 Ac
512 3918 654 4001 primum
674 3939 786 3984 earum
801 3919 1101 4002 interrogationum
1117 3918 1298 4004 specimina
1312 3938 1498 4004 proponere

357 4016 434 4082 licet
464 4040 549 4100 quac
573 4019 798 4086 demissiorem
822 4021 924 4086 animi
946 4029 1064 4088 stabim
1086 4021 1250 4087 indicant:
1274 4021 1354 4105 Rep.
1378 4020 1442 4084 375
1471 4041 1497 4083 c.

358 4119 389 4186 S.
413 4116 451 4182 τί
475 4105 535 4186 οὖν
558 4120 771 4206 actricem&
800 4120 944 4191 noces
973 4117 1049 4210 ἅμα
1070 4125 1182 4212 πρᾶον
1207 4122 1267 4188 καὶ
1294 4119 1497 4209 μεγαλόθυ-
