3554 4822
794 1465 932 1569 Caput
958 1467 1017 1548 ΙΙ.

341 1671 394 1755 be
419 1669 795 1776 interrogationibus
820 1672 1028 1755 rhetoricis
1053 1691 1140 1756 eum
1163 1674 1367 1758 universis
1393 1675 1480 1758 turn

731 1811 1084 1914 pronominaiibus.

429 2052 690 2143 §abcesserit
707 2056 799 2138 piane
815 2057 961 2125 rhetorici
977 2073 1014 2123 aa
1025 2056 1254 2124 semirbetorici
1272 2057 1392 2124 natura.

427 2259 570 2325 Primum
602 2262 704 2345 igitur
731 2271 770 2326 ut
797 2261 955 2345 quidnam
984 2263 1029 2327 sit
1058 2283 1123 2346 quo
1154 2283 1256 2345 genus
1279 2259 1478 2326 rhetoricum

343 2364 471 2427 aseris
496 2364 811 2448 interrogationibus
834 2363 1090 2449 dignoscendum
1113 2364 1157 2428 sit
1180 2363 1374 2447 describam,
1397 2383 1481 2447 cum,

343 2467 530 2549 quicumque
561 2487 635 2531 rere
659 2467 843 2551 interrogat
875 2468 909 2532 id
931 2489 1032 2533 unum
1056 2475 1151 2551 agat,
1179 2475 1216 2533 ut
1236 2465 1481 2551 responsionem

344 2568 546 2654 adipiscatur
576 2569 617 2633 ad
648 2569 681 2634 id
712 2570 801 2652 quood
831 2569 998 2634 desiderat
1027 2569 1326 2652 accommodatam,
1357 2589 1482 2632 summo

344 2671 463 2756 opinor
486 2672 556 2736 iura
580 2692 637 2737 eae
660 2673 935 2756 interrogationes
959 2693 1044 2756 quae
1067 2673 1112 2739 ita
1136 2694 1202 2737 non
1224 2670 1266 2736 ad
1289 2691 1483 2754 responsum

344 2774 495 2856 tendant,
519 2782 556 2839 at
579 2775 612 2839 id
637 2777 741 2859 ipsum
765 2777 830 2840 iam
852 2797 960 2840 secum
984 2775 1276 2859 comprehendant,
1299 2773 1483 2838 rhetoricae

344 2877 561 2962 appellandae
585 2887 690 2943 erunt.
735 2878 829 2957 Quod
851 2878 878 2940 si
902 2885 990 2942 reete
1013 2877 1194 2942 iudicatum
1217 2885 1278 2961 est,
1301 2878 1482 2956 interroga-

345 2980 473 3045 tionum
504 2982 779 3064 pronominalium
810 3002 869 3049 eas
896 2980 975 3048 illuc
1003 2979 1196 3048 referendae
1233 2987 1327 3061 sunt,
1364 2976 1483 3061 quibus

344 3084 402 3166 qui
432 3084 617 3167 interrogat
647 3083 868 3149 desideratum
898 3083 1012 3148 iudicii
1049 3082 1245 3165 membrum,
1283 3100 1484 3165 quamquam

344 3193 403 3251 aut
434 3187 566 3251 omnino
599 3185 710 3251 deesse
733 3193 792 3251 aut
814 3191 905 3251 certa
926 3185 1141 3270 responsione
1163 3182 1397 3271 comprehendi
1419 3203 1485 3249 non

344 3308 440 3370 posse
464 3296 522 3353 aut
545 3287 696 3371 denique,
720 3291 747 3354 si
769 3296 871 3374 certa,
894 3291 943 3355 ita
965 3288 1037 3353 luce
1060 3290 1180 3354 clarius
1196 3309 1277 3369 esse,
1298 3295 1334 3353 ut
1347 3287 1484 3350 interro·

344 3390 477 3474 gatione
519 3411 726 3474 nequaquam
757 3398 867 3477 egeat,
894 3393 1028 3457 minime
1058 3391 1208 3474 ignorat,
1238 3389 1342 3456 nihilo
1377 3388 1485 3452 minus

344 3492 547 3578 interrogat,
577 3495 671 3558 unice
702 3495 735 3560 id
758 3517 877 3580 agens,
906 3501 944 3560 ut
974 3514 1059 3577 quae
1090 3493 1342 3578 interrogationi
1372 3489 1486 3556 subest

344 3597 516 3680 responsio
539 3596 588 3661 uel
611 3596 748 3663 alterius
769 3600 939 3681 cuinsqam
954 3598 1063 3663 animo
1088 3596 1138 3661 vel
1156 3596 1301 3662 omnium
1314 3594 1484 3660 hominum

345 3699 566 3765 conscientiae
590 3721 628 3763 eo
652 3703 837 3782 expressius
860 3707 961 3784 atque
985 3699 1169 3764 euidentius
1186 3697 1379 3764 inculcetur.
1404 3696 1484 3761 Cum

347 3800 450 3884 igitur
480 3800 543 3866 hae
573 3803 850 3888 interrogationes
873 3810 1004 3869 tantum
1027 3801 1115 3868 absit
1137 3808 1176 3867 ut
1198 3822 1237 3866 cx
1260 3797 1483 3884 responsionis

346 3904 584 3970 nanciscendae
623 3906 786 3973 desiderio
823 3905 1093 3992 proficiscantur,
1130 3910 1168 3968 ut
1200 3909 1315 3969 contra
1358 3900 1485 3985 aliquid

346 4005 557 4072 manifestum
582 4029 652 4075 esse
675 4031 781 4092 neque
806 4007 995 4074 addubitari
1017 4008 1086 4074 ullo
1109 4007 1204 4072 modo
1224 4027 1320 4090 posse
1343 4024 1403 4089 pro
1417 4025 1483 4067 cer·

346 4108 474 4175 tissima
505 4109 693 4201 affirment,
718 4133 832 4180 earum
854 4132 895 4178 ue
918 4118 1073 4179 accentus
1096 4110 1228 4195 quidem
1251 4129 1311 4195 pro
1335 4107 1483 4173 enuntia-
