3554 4822
844 465 1061 532 ..11-

387 632 513 701 briiokii
536 636 624 719 quod
647 638 832 703 universam
856 638 1054 703 sententiam
1078 637 1200 705 attinet
1223 637 1293 701 siue
1317 636 1416 702 dubio
1433 645 1527 706 recta

386 741 495 803 temen
525 741 650 806 acutius
680 740 776 807 nobis
806 738 1024 805 describenda
1052 761 1090 804 ec
1126 739 1289 823 copiosius
1329 739 1525 822 explicanda

386 846 491 905 eruut.
530 839 636 908 Unum
662 864 777 910 moneo
801 841 928 909 duobus
946 842 1013 907 illis
1028 841 1202 926 generibus
1219 843 1373 909 accedere
1391 844 1526 909 tertium

386 962 429 1007 sc.
453 964 554 1026 genus
566 945 810 1030 disiunctum,
828 966 1029 1030 quamquem
1046 944 1107 1010 hoo
1127 967 1186 1030 per
1211 965 1245 1010 se
1261 944 1403 1010 medium
1425 965 1526 1028 queu-

386 1045 462 1110 dam
484 1047 571 1112 inter
587 1048 642 1113 illa
658 1049 764 1114 locum
786 1049 936 1115 obtinens
958 1070 1032 1114 cum
1047 1048 1150 1113 altero
1166 1069 1283 1132 genere
1299 1047 1387 1131 quod
1402 1049 1526 1114 Latino

387 1148 517 1214 nomine
546 1149 776 1217 affirmativum
809 1153 917 1217 uocari
940 1158 1051 1236 potest
1073 1149 1454 1236 (Bestiitigungsfragen)
1476 1173 1526 1215 ar-

387 1251 464 1316 tiori
492 1252 620 1318 viuculo
643 1255 854 1320 coniunctum
879 1275 950 1320 esse
973 1252 1062 1321 infra
1084 1253 1313 1318 illustrabitur.
1359 1251 1526 1318 Habemus

387 1353 488 1436 igitur
510 1356 574 1419 tria
596 1357 895 1439 interrogationum
920 1376 1041 1442 genera
1063 1376 1106 1420 se.
1131 1356 1270 1440 primum
1300 1356 1526 1439 pronominale

388 1476 412 1518 s.
444 1454 728 1524 determinativum
758 1459 861 1542 (quod
892 1482 1008 1525 nomeu
1033 1459 1076 1524 ad
1098 1459 1195 1523 huius
1218 1459 1347 1540 generis
1370 1465 1524 1522 naturam

386 1559 631 1641 exprimendam
654 1562 795 1627 maxime
819 1562 970 1628 idoneam
994 1583 1065 1627 esse
1089 1560 1176 1625 iufra
1187 1557 1392 1639 monstrabo)
1415 1559 1522 1624 altero

388 1659 459 1725 loco
492 1661 722 1730 affirmativum
753 1669 967 1749 (quamquam
1002 1686 1068 1729 non
1101 1684 1183 1746 nego
1222 1669 1368 1727 nostram
1409 1681 1518 1726 vocem

386 1763 786 1851 „Bestatigungsfrageffl
809 1788 879 1832 rem
902 1767 1089 1832 distinctius
1113 1766 1307 1848 exprimere)
1332 1765 1428 1828 tertio
1452 1763 1524 1828 loeo

388 1885 491 1949 genus
521 1867 754 1935 disiunctivum
784 1868 873 1952 quod
896 1891 976 1934 sane
999 1868 1155 1953 profiteor
1177 1867 1273 1933 simul
1295 1887 1427 1950 quoque
1450 1884 1525 1930 oum

387 1968 491 2032 altero
513 1971 826 2056 interrogationibus
849 1969 1133 2057 pronominalibus
1154 1970 1274 2054 opponi
1291 1989 1403 2053 posse:
1426 1989 1527 2051 quam

389 2073 551 2137 rationem
575 2075 643 2157 ipse
666 2075 701 2138 iu
723 2074 786 2138 hac
806 2073 1038 2140 dissertatione
1054 2070 1314 2158 amplectendam
1330 2070 1526 2135 existimari.

389 2173 454 2240 Sed
476 2174 518 2239 ad
542 2175 646 2259 ipsam
668 2197 738 2241 rem
761 2175 1002 2261 aggrediamur.
