<?xml version="1.0" encoding="UTF-8"?>
<!DOCTYPE html PUBLIC "-//W3C//DTD XHTML 1.0 Transitional//EN"
    "http://www.w3.org/TR/xhtml1/DTD/xhtml1-transitional.dtd">
<html xmlns="http://www.w3.org/1999/xhtml" xml:lang="en" lang="en">
 <head>
  <title>
</title>
<meta http-equiv="Content-Type" content="text/html;charset=utf-8" />
  <meta name='ocr-system' content='tesseract 3.04.00' />
  <meta name='ocr-capabilities' content='ocr_page ocr_carea ocr_par ocr_line ocrx_word'/>
</head>
<body>
  <div class='ocr_page' id='page_1' title='image "./deenuntiationum00immegoog_0042.png"; bbox 0 0 3554 4822; ppageno 0'>
   <div class='ocr_carea' id='block_1_1' title="bbox 793 522 1006 596">
    <p class='ocr_par' dir='ltr' id='par_1_1' title="bbox 793 522 1006 596">
     <span class='ocr_line' id='line_1_1' title="bbox 793 522 1006 596; baseline 0 -16"><span class='ocrx_word' id='word_1_1' title='bbox 793 522 1006 596; x_wconf 71' lang='lat'>..3:-</span> 
     </span>
    </p>
   </div>
   <div class='ocr_carea' id='block_1_2' title="bbox 324 698 1467 4270">
    <p class='ocr_par' dir='ltr' id='par_1_2' title="bbox 324 698 1467 1911">
     <span class='ocr_line' id='line_1_2' title="bbox 326 698 1467 788; baseline 0.002 -23"><span class='ocrx_word' id='word_1_2' title='bbox 326 713 398 765; x_wconf 86' lang='lat' dir='ltr'>aem</span> <span class='ocrx_word' id='word_1_3' title='bbox 427 720 516 785; x_wconf 85' lang='lat' dir='ltr'>spem</span> <span class='ocrx_word' id='word_1_4' title='bbox 540 698 602 768; x_wconf 82' lang='lat' dir='ltr'>sibi</span> <span class='ocrx_word' id='word_1_5' title='bbox 625 699 793 769; x_wconf 77' lang='lat' dir='ltr'><strong>sublatam</strong></span> <span class='ocrx_word' id='word_1_6' title='bbox 816 721 886 768; x_wconf 86' lang='lat' dir='ltr'>esse</span> <span class='ocrx_word' id='word_1_7' title='bbox 910 701 973 768; x_wconf 90' lang='lat' dir='ltr'>sibi</span> <span class='ocrx_word' id='word_1_8' title='bbox 995 701 1060 788; x_wconf 88' lang='lat' dir='ltr'>ipsi</span> <span class='ocrx_word' id='word_1_9' title='bbox 1083 707 1159 770; x_wconf 90' lang='lat' dir='ltr'>ante</span> <span class='ocrx_word' id='word_1_10' title='bbox 1183 698 1295 769; x_wconf 88' lang='lat' dir='ltr'>oculos</span> <span class='ocrx_word' id='word_1_11' title='bbox 1317 698 1467 768; x_wconf 84' lang='lat' dir='ltr'>collocet.</span> 
     </span>
     <span class='ocr_line' id='line_1_3' title="bbox 326 801 1467 891; baseline 0.001 -22"><span class='ocrx_word' id='word_1_12' title='bbox 326 802 380 869; x_wconf 87' lang='lat' dir='ltr'>Sic</span> <span class='ocrx_word' id='word_1_13' title='bbox 402 801 547 890; x_wconf 83' lang='lat' dir='ltr'>Oedipus</span> <span class='ocrx_word' id='word_1_14' title='bbox 570 825 670 870; x_wconf 82' lang='lat' dir='ltr'>senex</span> <span class='ocrx_word' id='word_1_15' title='bbox 692 803 749 872; x_wconf 90' lang='lat' dir='ltr'>ille</span> <span class='ocrx_word' id='word_1_16' title='bbox 769 806 993 891; x_wconf 88' lang='lat' dir='ltr'>miserrimus,</span> <span class='ocrx_word' id='word_1_17' title='bbox 1022 827 1095 872; x_wconf 90' lang='lat' dir='ltr'>cum</span> <span class='ocrx_word' id='word_1_18' title='bbox 1117 805 1280 872; x_wconf 89' lang='lat' dir='ltr'>communi</span> <span class='ocrx_word' id='word_1_19' title='bbox 1302 803 1467 873; x_wconf 89' lang='lat' dir='ltr'>malorum</span> 
     </span>
     <span class='ocr_line' id='line_1_4' title="bbox 326 905 1466 994; baseline 0.004 -26"><span class='ocrx_word' id='word_1_20' title='bbox 326 907 357 970; x_wconf 89' lang='lat' dir='ltr'>vi</span> <span class='ocrx_word' id='word_1_21' title='bbox 388 910 487 990; x_wconf 88' lang='lat' dir='ltr'>atque</span> <span class='ocrx_word' id='word_1_22' title='bbox 517 907 643 994; x_wconf 88' lang='lat' dir='ltr'>impetu</span> <span class='ocrx_word' id='word_1_23' title='bbox 671 929 847 994; x_wconf 86' lang='lat' dir='ltr'>percussus</span> <span class='ocrx_word' id='word_1_24' title='bbox 876 907 1000 990; x_wconf 84' lang='lat' dir='ltr'>iaceat,</span> <span class='ocrx_word' id='word_1_25' title='bbox 1034 906 1114 974; x_wconf 89' lang='lat' dir='ltr'>haec</span> <span class='ocrx_word' id='word_1_26' title='bbox 1143 908 1322 975; x_wconf 81' lang='lat' dir='ltr'>exclamat:</span> <span class='ocrx_word' id='word_1_27' title='bbox 1352 905 1405 993; x_wconf 90' lang='grc' dir='ltr'>(Ο.</span> <span class='ocrx_word' id='word_1_28' title='bbox 1429 907 1466 972; x_wconf 67' lang='grc' dir='ltr'>Η,</span> 
     </span>
     <span class='ocr_line' id='line_1_5' title="bbox 327 1002 1467 1097; baseline 0.005 -27"><span class='ocrx_word' id='word_1_29' title='bbox 327 1007 408 1072; x_wconf 81' lang='grc'><strong>1337</strong></span> <span class='ocrx_word' id='word_1_30' title='bbox 432 1030 503 1092; x_wconf 90' lang='lat' dir='ltr'><strong>sqq.</strong></span> <span class='ocrx_word' id='word_1_31' title='bbox 534 1010 663 1095; x_wconf 59' lang='lat' dir='ltr'>ninam</span> <span class='ocrx_word' id='word_1_32' title='bbox 701 1008 742 1074; x_wconf 84' lang='grc' dir='ltr'>τὶ</span> <span class='ocrx_word' id='word_1_33' title='bbox 771 1007 860 1088; x_wconf 83' lang='grc' dir='ltr'><em>δῆτ’</em></span> <span class='ocrx_word' id='word_1_34' title='bbox 885 1009 961 1090; x_wconf 73' lang='grc' dir='ltr'>ἐμοὶ</span> <span class='ocrx_word' id='word_1_35' title='bbox 987 1008 1137 1097; x_wconf 75' lang='grc' dir='ltr'><em>βλεστόν</em></span> <span class='ocrx_word' id='word_1_36' title='bbox 1161 1002 1202 1093; x_wconf 69' lang='lat' dir='ltr'>:il</span> <span class='ocrx_word' id='word_1_37' title='bbox 1239 1007 1408 1090; x_wconf 81' lang='grc' dir='ltr'><em>στερντόν</em></span> <span class='ocrx_word' id='word_1_38' title='bbox 1442 1003 1467 1088; x_wconf 77' lang='grc' dir='ltr'><em>ἢ</em></span> 
     </span>
     <span class='ocr_line' id='line_1_6' title="bbox 327 1106 1466 1199; baseline 0.004 -26"><span class='ocrx_word' id='word_1_39' title='bbox 327 1109 556 1199; x_wconf 69' lang='grc' dir='ltr'><em>προσήγορον]</em></span> <span class='ocrx_word' id='word_1_40' title='bbox 580 1107 630 1178; x_wconf 80' lang='lat' dir='ltr'>i&#39;t&#39;</span> <span class='ocrx_word' id='word_1_41' title='bbox 649 1108 716 1178; x_wconf 75' lang='grc' dir='ltr'>ἴστ’</span> <span class='ocrx_word' id='word_1_42' title='bbox 747 1111 888 1178; x_wconf 73' lang='lat' dir='ltr'>duodece</span> <span class='ocrx_word' id='word_1_43' title='bbox 909 1109 1032 1196; x_wconf 75' lang='grc' dir='ltr'><em>ἁδονᾷ,</em></span> <span class='ocrx_word' id='word_1_44' title='bbox 1054 1109 1184 1198; x_wconf 59' lang='grc' dir='ltr'><em>φίλου]</em></span> <span class='ocrx_word' id='word_1_45' title='bbox 1201 1106 1344 1194; x_wconf 77' lang='lat' dir='ltr'>dadyet&#39;</span> <span class='ocrx_word' id='word_1_46' title='bbox 1366 1107 1466 1177; x_wconf 74' lang='grc' dir='ltr'><strong><em>ἕκτό·</em></strong></span> 
     </span>
     <span class='ocr_line' id='line_1_7' title="bbox 327 1208 1467 1301; baseline 0.002 -27"><span class='ocrx_word' id='word_1_47' title='bbox 327 1233 405 1277; x_wconf 75' lang='grc' dir='ltr'><em>σοον</em></span> <span class='ocrx_word' id='word_1_48' title='bbox 426 1208 480 1278; x_wconf 77' lang='lat' dir='ltr'>lire</span> <span class='ocrx_word' id='word_1_49' title='bbox 502 1211 647 1301; x_wconf 76' lang='grc' dir='ltr'><em>τάχιστά</em></span> <span class='ocrx_word' id='word_1_50' title='bbox 664 1239 709 1298; x_wconf 75' lang='grc' dir='ltr'>με</span> <span class='ocrx_word' id='word_1_51' title='bbox 735 1261 740 1274; x_wconf 90' lang='grc'><strong><em>.</em></strong></span> <span class='ocrx_word' id='word_1_52' title='bbox 765 1262 772 1276; x_wconf 93' lang='grc'><strong>.</strong></span> <span class='ocrx_word' id='word_1_53' title='bbox 795 1215 836 1280; x_wconf 84' lang='lat' dir='ltr'>cl.</span> <span class='ocrx_word' id='word_1_54' title='bbox 858 1216 908 1280; x_wconf 82' lang='lat' dir='ltr'>Al.</span> <span class='ocrx_word' id='word_1_55' title='bbox 931 1215 995 1280; x_wconf 82' lang='lat'>518</span> <span class='ocrx_word' id='word_1_56' title='bbox 1020 1235 1091 1298; x_wconf 88' lang='lat' dir='ltr'>sqq.</span> <span class='ocrx_word' id='word_1_57' title='bbox 1124 1212 1185 1290; x_wconf 80' lang='grc' dir='ltr'>τίς</span> <span class='ocrx_word' id='word_1_58' title='bbox 1206 1209 1281 1291; x_wconf 79' lang='grc' dir='ltr'>δῆτ’</span> <span class='ocrx_word' id='word_1_59' title='bbox 1311 1211 1386 1294; x_wconf 79' lang='grc' dir='ltr'>ἐμοὶ</span> <span class='ocrx_word' id='word_1_60' title='bbox 1408 1212 1467 1296; x_wconf 82' lang='grc' dir='ltr'><em>γε’-</em></span> 
     </span>
     <span class='ocr_line' id='line_1_8' title="bbox 324 1306 1462 1403; baseline 0.004 -26"><span class='ocrx_word' id='word_1_61' title='bbox 324 1313 407 1378; x_wconf 81' lang='grc' dir='ltr'><em>νοιτ’</em></span> <span class='ocrx_word' id='word_1_62' title='bbox 423 1306 468 1378; x_wconf 79' lang='lat' dir='ltr'>dir</span> <span class='ocrx_word' id='word_1_63' title='bbox 489 1311 568 1381; x_wconf 82' lang='grc' dir='ltr'><em>α’ντὶ</em></span> <span class='ocrx_word' id='word_1_64' title='bbox 591 1317 654 1382; x_wconf 83' lang='grc' dir='ltr'>σοῦ</span> <span class='ocrx_word' id='word_1_65' title='bbox 671 1314 829 1403; x_wconf 56' lang='lat' dir='ltr'>scarpim!</span> <span class='ocrx_word' id='word_1_66' title='bbox 852 1313 918 1392; x_wconf 79' lang='grc' dir='ltr'>τίς</span> <span class='ocrx_word' id='word_1_67' title='bbox 941 1317 1104 1394; x_wconf 83' lang='grc' dir='ltr'><em>πλοῦτος;</em></span> <span class='ocrx_word' id='word_1_68' title='bbox 1128 1321 1164 1382; x_wconf 83' lang='grc' dir='ltr'>ἐν</span> <span class='ocrx_word' id='word_1_69' title='bbox 1181 1316 1238 1382; x_wconf 75' lang='grc' dir='ltr'>σοὶ</span> <span class='ocrx_word' id='word_1_70' title='bbox 1259 1311 1340 1380; x_wconf 80' lang='grc' dir='ltr'>πᾶσ’</span> <span class='ocrx_word' id='word_1_71' title='bbox 1356 1312 1462 1398; x_wconf 72' lang='grc' dir='ltr'><em>ἔγωγε</em></span> 
     </span>
     <span class='ocr_line' id='line_1_9' title="bbox 327 1414 1466 1512; baseline 0.002 -32"><span class='ocrx_word' id='word_1_72' title='bbox 327 1414 489 1497; x_wconf 83' lang='grc' dir='ltr'><em>σώζομαο.</em></span> <span class='ocrx_word' id='word_1_73' title='bbox 528 1418 604 1484; x_wconf 83' lang='lat' dir='ltr'>Eur.</span> <span class='ocrx_word' id='word_1_74' title='bbox 629 1418 714 1485; x_wconf 81' lang='lat' dir='ltr'>bled.</span> <span class='ocrx_word' id='word_1_75' title='bbox 748 1422 810 1486; x_wconf 81' lang='lat'>145</span> <span class='ocrx_word' id='word_1_76' title='bbox 839 1417 880 1484; x_wconf 82' lang='grc' dir='ltr'><strong><em>τί</em></strong></span> <span class='ocrx_word' id='word_1_77' title='bbox 910 1419 949 1484; x_wconf 83' lang='grc' dir='ltr'>δέ</span> <span class='ocrx_word' id='word_1_78' title='bbox 974 1442 1037 1504; x_wconf 82' lang='grc' dir='ltr'>μοι</span> <span class='ocrx_word' id='word_1_79' title='bbox 1068 1419 1128 1512; x_wconf 75' lang='grc' dir='ltr'>ζῇν</span> <span class='ocrx_word' id='word_1_80' title='bbox 1148 1417 1202 1507; x_wconf 73' lang='grc' dir='ltr'>ἔτι</span> <span class='ocrx_word' id='word_1_81' title='bbox 1231 1416 1350 1502; x_wconf 80' lang='grc' dir='ltr'><em>κέρδος</em></span> <span class='ocrx_word' id='word_1_82' title='bbox 1377 1439 1404 1483; x_wconf 86' lang='lat' dir='ltr'>e.</span> <span class='ocrx_word' id='word_1_83' title='bbox 1435 1440 1466 1502; x_wconf 90' lang='lat' dir='ltr'>q.</span> 
     </span>
     <span class='ocr_line' id='line_1_10' title="bbox 326 1517 1465 1606; baseline 0.001 -22"><span class='ocrx_word' id='word_1_84' title='bbox 326 1541 351 1583; x_wconf 87' lang='lat' dir='ltr'>s.</span> <span class='ocrx_word' id='word_1_85' title='bbox 374 1540 399 1585; x_wconf 88' lang='lat' dir='ltr'>s.</span> <span class='ocrx_word' id='word_1_86' title='bbox 421 1519 461 1584; x_wconf 89' lang='lat' dir='ltr'>cf.</span> <span class='ocrx_word' id='word_1_87' title='bbox 483 1523 583 1588; x_wconf 88' lang='lat' dir='ltr'>etiam</span> <span class='ocrx_word' id='word_1_88' title='bbox 602 1521 651 1587; x_wconf 84' lang='grc' dir='ltr'>Αἰ.</span> <span class='ocrx_word' id='word_1_89' title='bbox 674 1522 737 1587; x_wconf 78' lang='grc'>867</span> <span class='ocrx_word' id='word_1_90' title='bbox 752 1544 800 1606; x_wconf 91' lang='lat' dir='ltr'>sq.</span> <span class='ocrx_word' id='word_1_91' title='bbox 823 1520 881 1588; x_wconf 91' lang='lat' dir='ltr'>ubi</span> <span class='ocrx_word' id='word_1_92' title='bbox 903 1521 1022 1589; x_wconf 89' lang='lat' dir='ltr'>chorus</span> <span class='ocrx_word' id='word_1_93' title='bbox 1039 1523 1170 1588; x_wconf 79' lang='lat' dir='ltr'>Aiacem</span> <span class='ocrx_word' id='word_1_94' title='bbox 1192 1522 1360 1605; x_wconf 81' lang='lat' dir='ltr'>vestigans</span> <span class='ocrx_word' id='word_1_95' title='bbox 1383 1517 1465 1585; x_wconf 87' lang='lat' dir='ltr'>haec</span> 
     </span>
     <span class='ocr_line' id='line_1_11' title="bbox 327 1619 1466 1709; baseline 0.004 -26"><span class='ocrx_word' id='word_1_96' title='bbox 327 1621 425 1687; x_wconf 88' lang='lat' dir='ltr'>verba</span> <span class='ocrx_word' id='word_1_97' title='bbox 457 1623 574 1691; x_wconf 86' lang='lat' dir='ltr'>mittit:</span> <span class='ocrx_word' id='word_1_98' title='bbox 607 1625 666 1687; x_wconf 82' lang='grc' dir='ltr'>πᾶ</span> <span class='ocrx_word' id='word_1_99' title='bbox 695 1623 752 1688; x_wconf 82' lang='grc' dir='ltr'>πᾶ</span> <span class='ocrx_word' id='word_1_100' title='bbox 773 1624 787 1708; x_wconf 80' lang='lat' dir='ltr'><em>s</em></span> <span class='ocrx_word' id='word_1_101' title='bbox 811 1625 868 1688; x_wconf 78' lang='grc' dir='ltr'>πᾶ</span> <span class='ocrx_word' id='word_1_102' title='bbox 892 1622 973 1709; x_wconf 80' lang='grc' dir='ltr'><em>γοὶρ</em></span> <span class='ocrx_word' id='word_1_103' title='bbox 996 1624 1058 1690; x_wconf 75' lang='grc' dir='ltr'>οὐκ</span> <span class='ocrx_word' id='word_1_104' title='bbox 1081 1621 1171 1707; x_wconf 80' lang='grc' dir='ltr'><em>ἔβαν</em></span> <span class='ocrx_word' id='word_1_105' title='bbox 1194 1621 1272 1705; x_wconf 71' lang='lat' dir='ltr'>lyd:</span> <span class='ocrx_word' id='word_1_106' title='bbox 1304 1645 1370 1706; x_wconf 92' lang='lat' dir='ltr'>quo</span> <span class='ocrx_word' id='word_1_107' title='bbox 1393 1619 1466 1688; x_wconf 88' lang='lat' dir='ltr'>loco</span> 
     </span>
     <span class='ocr_line' id='line_1_12' title="bbox 326 1723 1466 1811; baseline 0.001 -24"><span class='ocrx_word' id='word_1_108' title='bbox 326 1725 375 1787; x_wconf 81' lang='grc' dir='ltr'>πᾶ</span> <span class='ocrx_word' id='word_1_109' title='bbox 404 1724 487 1790; x_wconf 92' lang='lat' dir='ltr'>illud</span> <span class='ocrx_word' id='word_1_110' title='bbox 514 1731 566 1791; x_wconf 89' lang='lat' dir='ltr'>ter</span> <span class='ocrx_word' id='word_1_111' title='bbox 588 1727 764 1811; x_wconf 88' lang='lat' dir='ltr'>repetitum</span> <span class='ocrx_word' id='word_1_112' title='bbox 790 1727 921 1793; x_wconf 89' lang='lat' dir='ltr'>irritum</span> <span class='ocrx_word' id='word_1_113' title='bbox 943 1727 1084 1793; x_wconf 87' lang='lat' dir='ltr'>virorum</span> <span class='ocrx_word' id='word_1_114' title='bbox 1108 1727 1254 1792; x_wconf 85' lang='lat' dir='ltr'>laborem</span> <span class='ocrx_word' id='word_1_115' title='bbox 1276 1726 1378 1790; x_wconf 86' lang='lat' dir='ltr'>etiam</span> <span class='ocrx_word' id='word_1_116' title='bbox 1401 1723 1466 1789; x_wconf 87' lang='lat' dir='ltr'>for·</span> 
     </span>
     <span class='ocr_line' id='line_1_13' title="bbox 327 1827 543 1911; baseline 0.009 -21"><span class='ocrx_word' id='word_1_117' title='bbox 327 1827 392 1893; x_wconf 88' lang='lat' dir='ltr'>tius</span> <span class='ocrx_word' id='word_1_118' title='bbox 414 1827 543 1911; x_wconf 90' lang='lat' dir='ltr'>premit.</span> 
     </span>
    </p>

    <p class='ocr_par' dir='ltr' id='par_1_3' title="bbox 324 1929 1467 4270">
     <span class='ocr_line' id='line_1_14' title="bbox 412 1929 1467 2016; baseline -0.001 -21"><span class='ocrx_word' id='word_1_119' title='bbox 412 1931 631 2015; x_wconf 72' lang='lat' dir='ltr'>apponantur</span> <span class='ocrx_word' id='word_1_120' title='bbox 652 1931 803 2013; x_wconf 83' lang='lat' dir='ltr'>exempla</span> <span class='ocrx_word' id='word_1_121' title='bbox 825 1951 973 2014; x_wconf 85' lang='lat' dir='ltr'>eaquae</span> <span class='ocrx_word' id='word_1_122' title='bbox 995 1930 1038 1999; x_wconf 90' lang='lat' dir='ltr'>ad</span> <span class='ocrx_word' id='word_1_123' title='bbox 1060 1952 1161 2016; x_wconf 83' lang='lat' dir='ltr'>genus</span> <span class='ocrx_word' id='word_1_124' title='bbox 1183 1929 1467 1997; x_wconf 87' lang='lat' dir='ltr'>semirhetoricum</span> 
     </span>
     <span class='ocr_line' id='line_1_15' title="bbox 326 2030 1466 2111; baseline 0.001 -17"><span class='ocrx_word' id='word_1_125' title='bbox 326 2031 497 2098; x_wconf 89' lang='lat' dir='ltr'>relerenda</span> <span class='ocrx_word' id='word_1_126' title='bbox 519 2039 605 2099; x_wconf 84' lang='lat' dir='ltr'>suut.</span> <span class='ocrx_word' id='word_1_127' title='bbox 650 2032 814 2111; x_wconf 79' lang='lat' dir='ltr'>Quorsum</span> <span class='ocrx_word' id='word_1_128' title='bbox 836 2032 886 2098; x_wconf 86' lang='lat' dir='ltr'>vel</span> <span class='ocrx_word' id='word_1_129' title='bbox 918 2034 1057 2099; x_wconf 88' lang='lat' dir='ltr'>maxime</span> <span class='ocrx_word' id='word_1_130' title='bbox 1080 2030 1336 2099; x_wconf 88' lang='lat' dir='ltr'>innumerabiles</span> <span class='ocrx_word' id='word_1_131' title='bbox 1359 2031 1408 2096; x_wconf 89' lang='lat' dir='ltr'>illi</span> <span class='ocrx_word' id='word_1_132' title='bbox 1431 2032 1466 2096; x_wconf 89' lang='lat' dir='ltr'>in</span> 
     </span>
     <span class='ocr_line' id='line_1_16' title="bbox 326 2132 1466 2219; baseline -0.001 -22"><span class='ocrx_word' id='word_1_133' title='bbox 326 2133 504 2216; x_wconf 84' lang='lat' dir='ltr'>tragoediis</span> <span class='ocrx_word' id='word_1_134' title='bbox 527 2134 591 2200; x_wconf 92' lang='lat' dir='ltr'>loci</span> <span class='ocrx_word' id='word_1_135' title='bbox 615 2141 767 2219; x_wconf 87' lang='lat' dir='ltr'>spectant</span> <span class='ocrx_word' id='word_1_136' title='bbox 790 2132 912 2218; x_wconf 91' lang='lat' dir='ltr'>quibus</span> <span class='ocrx_word' id='word_1_137' title='bbox 926 2136 1045 2219; x_wconf 90' lang='lat' dir='ltr'>aliquis</span> <span class='ocrx_word' id='word_1_138' title='bbox 1062 2156 1187 2202; x_wconf 89' lang='lat' dir='ltr'>summo</span> <span class='ocrx_word' id='word_1_139' title='bbox 1211 2155 1335 2219; x_wconf 86' lang='lat' dir='ltr'>angore</span> <span class='ocrx_word' id='word_1_140' title='bbox 1352 2141 1466 2216; x_wconf 87' lang='lat' dir='ltr'>captus</span> 
     </span>
     <span class='ocr_line' id='line_1_17' title="bbox 326 2233 1467 2304; baseline 0 -6"><span class='ocrx_word' id='word_1_141' title='bbox 326 2233 442 2302; x_wconf 83' lang='lat' dir='ltr'>haeret</span> <span class='ocrx_word' id='word_1_142' title='bbox 465 2257 503 2301; x_wconf 86' lang='lat' dir='ltr'>ac</span> <span class='ocrx_word' id='word_1_143' title='bbox 531 2237 796 2304; x_wconf 84' lang='lat' dir='ltr'>dubitationibus</span> <span class='ocrx_word' id='word_1_144' title='bbox 820 2236 1021 2304; x_wconf 81' lang='lat' dir='ltr'>dilaceratus</span> <span class='ocrx_word' id='word_1_145' title='bbox 1045 2239 1147 2303; x_wconf 82' lang='lat' dir='ltr'>nescit</span> <span class='ocrx_word' id='word_1_146' title='bbox 1170 2259 1245 2302; x_wconf 90' lang='lat' dir='ltr'>num</span> <span class='ocrx_word' id='word_1_147' title='bbox 1270 2235 1334 2301; x_wconf 89' lang='lat' dir='ltr'>sibi</span> <span class='ocrx_word' id='word_1_148' title='bbox 1358 2234 1467 2300; x_wconf 88' lang='lat' dir='ltr'>adhuc</span> 
     </span>
     <span class='ocr_line' id='line_1_18' title="bbox 326 2337 1465 2424; baseline 0.001 -22"><span class='ocrx_word' id='word_1_149' title='bbox 326 2337 395 2403; x_wconf 90' lang='lat' dir='ltr'>ulla</span> <span class='ocrx_word' id='word_1_150' title='bbox 416 2339 533 2406; x_wconf 84' lang='lat' dir='ltr'>salutis</span> <span class='ocrx_word' id='word_1_151' title='bbox 557 2340 611 2407; x_wconf 82' lang='lat' dir='ltr'>via</span> <span class='ocrx_word' id='word_1_152' title='bbox 633 2361 667 2406; x_wconf 90' lang='lat' dir='ltr'>se</span> <span class='ocrx_word' id='word_1_153' title='bbox 691 2339 884 2424; x_wconf 87' lang='lat' dir='ltr'>praebitura</span> <span class='ocrx_word' id='word_1_154' title='bbox 906 2340 958 2404; x_wconf 86' lang='lat' dir='ltr'>sit.</span> <span class='ocrx_word' id='word_1_155' title='bbox 989 2338 1078 2405; x_wconf 87' lang='lat' dir='ltr'>Talis</span> <span class='ocrx_word' id='word_1_156' title='bbox 1103 2344 1153 2404; x_wconf 89' lang='lat' dir='ltr'>est</span> <span class='ocrx_word' id='word_1_157' title='bbox 1175 2338 1368 2404; x_wconf 85' lang='lat' dir='ltr'>Tecmessae</span> <span class='ocrx_word' id='word_1_158' title='bbox 1390 2359 1465 2403; x_wconf 92' lang='lat' dir='ltr'>cou-</span> 
     </span>
     <span class='ocr_line' id='line_1_19' title="bbox 327 2438 1466 2526; baseline -0.001 -22"><span class='ocrx_word' id='word_1_159' title='bbox 327 2439 408 2506; x_wconf 89' lang='lat' dir='ltr'>ditio</span> <span class='ocrx_word' id='word_1_160' title='bbox 431 2440 487 2507; x_wconf 91' lang='lat' dir='ltr'>ubi</span> <span class='ocrx_word' id='word_1_161' title='bbox 510 2463 551 2510; x_wconf 90' lang='lat' dir='ltr'>ea</span> <span class='ocrx_word' id='word_1_162' title='bbox 573 2442 683 2508; x_wconf 82' lang='lat' dir='ltr'>Aiacis</span> <span class='ocrx_word' id='word_1_163' title='bbox 707 2464 785 2508; x_wconf 88' lang='lat' dir='ltr'>nece</span> <span class='ocrx_word' id='word_1_164' title='bbox 808 2449 998 2526; x_wconf 86' lang='lat' dir='ltr'>perpetrata</span> <span class='ocrx_word' id='word_1_165' title='bbox 1022 2441 1220 2526; x_wconf 87' lang='lat' dir='ltr'>Eurysacem</span> <span class='ocrx_word' id='word_1_166' title='bbox 1249 2438 1389 2506; x_wconf 88' lang='lat' dir='ltr'>filiolum</span> <span class='ocrx_word' id='word_1_167' title='bbox 1413 2438 1466 2504; x_wconf 90' lang='lat' dir='ltr'>his</span> 
     </span>
     <span class='ocr_line' id='line_1_20' title="bbox 326 2538 1466 2631; baseline -0.004 -23"><span class='ocrx_word' id='word_1_168' title='bbox 326 2539 525 2626; x_wconf 87' lang='lat' dir='ltr'>alloquitur:</span> <span class='ocrx_word' id='word_1_169' title='bbox 542 2543 638 2626; x_wconf 80' lang='grc' dir='ltr'><em>οἴμοι</em></span> <span class='ocrx_word' id='word_1_170' title='bbox 658 2541 697 2608; x_wconf 78' lang='grc' dir='ltr'><strong><em>τί</em></strong></span> <span class='ocrx_word' id='word_1_171' title='bbox 719 2543 851 2628; x_wconf 60' lang='grc' dir='ltr'><em>δράσω</em></span> <span class='ocrx_word' id='word_1_172' title='bbox 876 2541 938 2619; x_wconf 80' lang='grc' dir='ltr'>τίς</span> <span class='ocrx_word' id='word_1_173' title='bbox 949 2565 987 2609; x_wconf 85' lang='grc' dir='ltr'>σε</span> <span class='ocrx_word' id='word_1_174' title='bbox 999 2542 1163 2631; x_wconf 74' lang='grc' dir='ltr'><strong><em>βαστάσει</em></strong></span> <span class='ocrx_word' id='word_1_175' title='bbox 1178 2538 1307 2628; x_wconf 72' lang='lat' dir='ltr'>pilos:</span> <span class='ocrx_word' id='word_1_176' title='bbox 1324 2548 1365 2621; x_wconf 75' lang='lat' dir='ltr'>(r.</span> <span class='ocrx_word' id='word_1_177' title='bbox 1377 2543 1466 2626; x_wconf 74' lang='grc'><strong>920.)</strong></span> 
     </span>
     <span class='ocr_line' id='line_1_21' title="bbox 327 2642 1464 2728; baseline 0 -21"><span class='ocrx_word' id='word_1_178' title='bbox 327 2644 366 2708; x_wconf 90' lang='lat' dir='ltr'>cf.</span> <span class='ocrx_word' id='word_1_179' title='bbox 390 2646 461 2709; x_wconf 71' lang='lat' dir='ltr'>aba.</span> <span class='ocrx_word' id='word_1_180' title='bbox 487 2647 580 2712; x_wconf 80' lang='lat'>1024.</span> <span class='ocrx_word' id='word_1_181' title='bbox 606 2648 697 2711; x_wconf 76' lang='lat'>1215.</span> <span class='ocrx_word' id='word_1_182' title='bbox 730 2646 806 2712; x_wconf 86' lang='lat' dir='ltr'>Eur.</span> <span class='ocrx_word' id='word_1_183' title='bbox 831 2646 912 2711; x_wconf 83' lang='lat' dir='ltr'>Med.</span> <span class='ocrx_word' id='word_1_184' title='bbox 936 2647 1000 2711; x_wconf 81' lang='lat'>502</span> <span class='ocrx_word' id='word_1_185' title='bbox 1023 2667 1094 2728; x_wconf 88' lang='lat' dir='ltr'>sqq.</span> <span class='ocrx_word' id='word_1_186' title='bbox 1138 2643 1176 2708; x_wconf 90' lang='lat' dir='ltr'>In</span> <span class='ocrx_word' id='word_1_187' title='bbox 1203 2643 1350 2710; x_wconf 79' lang='lat' dir='ltr'>eirasdem</span> <span class='ocrx_word' id='word_1_188' title='bbox 1372 2642 1464 2708; x_wconf 86' lang='lat' dir='ltr'>fabu-</span> 
     </span>
     <span class='ocr_line' id='line_1_22' title="bbox 329 2742 1466 2832; baseline -0.002 -22"><span class='ocrx_word' id='word_1_189' title='bbox 329 2745 379 2810; x_wconf 91' lang='lat' dir='ltr'>lae</span> <span class='ocrx_word' id='word_1_190' title='bbox 409 2769 437 2811; x_wconf 84' lang='lat' dir='ltr'>v.</span> <span class='ocrx_word' id='word_1_191' title='bbox 460 2748 522 2813; x_wconf 81' lang='lat'>357</span> <span class='ocrx_word' id='word_1_192' title='bbox 547 2769 619 2832; x_wconf 88' lang='lat' dir='ltr'>sqq.</span> <span class='ocrx_word' id='word_1_193' title='bbox 650 2749 770 2814; x_wconf 87' lang='lat' dir='ltr'>chorus</span> <span class='ocrx_word' id='word_1_194' title='bbox 794 2748 856 2813; x_wconf 91' lang='lat' dir='ltr'>hoc</span> <span class='ocrx_word' id='word_1_195' title='bbox 879 2748 975 2814; x_wconf 91' lang='lat' dir='ltr'>modo</span> <span class='ocrx_word' id='word_1_196' title='bbox 999 2748 1214 2814; x_wconf 86' lang='lat' dir='ltr'>lamentatur:</span> <span class='ocrx_word' id='word_1_197' title='bbox 1238 2742 1383 2822; x_wconf 76' lang='grc' dir='ltr'><em>δύστηνε</em></span> <span class='ocrx_word' id='word_1_198' title='bbox 1407 2742 1466 2827; x_wconf 77' lang='grc' dir='ltr'>γύ-</span> 
     </span>
     <span class='ocr_line' id='line_1_23' title="bbox 324 2847 1466 2938; baseline -0.001 -27"><span class='ocrx_word' id='word_1_199' title='bbox 324 2853 395 2933; x_wconf 63' lang='grc' dir='ltr'><em>ναι]</em></span> <span class='ocrx_word' id='word_1_200' title='bbox 422 2850 488 2936; x_wconf 76' lang='grc' dir='ltr'>φοῦ</span> <span class='ocrx_word' id='word_1_201' title='bbox 514 2850 582 2934; x_wconf 80' lang='grc' dir='ltr'>φεῦ</span> <span class='ocrx_word' id='word_1_202' title='bbox 612 2849 721 2930; x_wconf 78' lang='grc' dir='ltr'><strong><em>μελέα</em></strong></span> <span class='ocrx_word' id='word_1_203' title='bbox 750 2851 815 2916; x_wconf 83' lang='grc' dir='ltr'>τῶν</span> <span class='ocrx_word' id='word_1_204' title='bbox 844 2851 913 2914; x_wconf 79' lang='grc' dir='ltr'>σῶν</span> <span class='ocrx_word' id='word_1_205' title='bbox 940 2849 1080 2938; x_wconf 51' lang='lat' dir='ltr'>&amp;picard</span> <span class='ocrx_word' id='word_1_206' title='bbox 1109 2851 1186 2915; x_wconf 81' lang='grc' dir='ltr'>ποῖ</span> <span class='ocrx_word' id='word_1_207' title='bbox 1211 2870 1292 2912; x_wconf 81' lang='grc' dir='ltr'><em>ποτε</em></span> <span class='ocrx_word' id='word_1_208' title='bbox 1329 2847 1466 2931; x_wconf 65' lang='grc' dir='ltr'><em>τρέψεις</em></span> 
     </span>
     <span class='ocr_line' id='line_1_24' title="bbox 326 2945 1465 3040; baseline -0.001 -25"><span class='ocrx_word' id='word_1_209' title='bbox 326 2948 426 3015; x_wconf 78' lang='grc' dir='ltr'><em>τίνα</em></span> <span class='ocrx_word' id='word_1_210' title='bbox 448 2949 630 3037; x_wconf 76' lang='grc' dir='ltr'><em>προξενίαν</em></span> <span class='ocrx_word' id='word_1_211' title='bbox 646 2945 794 3035; x_wconf 74' lang='grc' dir='ltr'><em>ἢὸὁμον</em></span> <span class='ocrx_word' id='word_1_212' title='bbox 807 2950 828 3031; x_wconf 75' lang='lat' dir='ltr'>ii</span> <span class='ocrx_word' id='word_1_213' title='bbox 838 2952 956 3040; x_wconf 73' lang='grc' dir='ltr'><em>χθόνα</em></span> <span class='ocrx_word' id='word_1_214' title='bbox 974 2954 1112 3037; x_wconf 80' lang='grc' dir='ltr'><em>σωτῆρα</em></span> <span class='ocrx_word' id='word_1_215' title='bbox 1135 2946 1249 3016; x_wconf 78' lang='grc' dir='ltr'><em>κακοῖν</em></span> <span class='ocrx_word' id='word_1_216' title='bbox 1263 2945 1465 3034; x_wconf 52' lang='grc' dir='ltr'><em>ἐξευρήσεις</em></span> 
     </span>
     <span class='ocr_line' id='line_1_25' title="bbox 329 3049 1463 3140; baseline -0.004 -21"><span class='ocrx_word' id='word_1_217' title='bbox 329 3053 562 3139; x_wconf 76' lang='lat' dir='ltr'>comparemus</span> <span class='ocrx_word' id='word_1_218' title='bbox 592 3076 717 3140; x_wconf 88' lang='lat' dir='ltr'>quaeso</span> <span class='ocrx_word' id='word_1_219' title='bbox 741 3055 829 3122; x_wconf 89' lang='lat' dir='ltr'>hunc</span> <span class='ocrx_word' id='word_1_220' title='bbox 852 3056 960 3122; x_wconf 88' lang='lat' dir='ltr'>locum</span> <span class='ocrx_word' id='word_1_221' title='bbox 983 3077 1055 3121; x_wconf 90' lang='lat' dir='ltr'>cum</span> <span class='ocrx_word' id='word_1_222' title='bbox 1077 3053 1259 3139; x_wconf 87' lang='lat' dir='ltr'>Sophocleo</span> <span class='ocrx_word' id='word_1_223' title='bbox 1282 3051 1339 3118; x_wconf 93' lang='lat' dir='ltr'>illo</span> <span class='ocrx_word' id='word_1_224' title='bbox 1363 3072 1403 3117; x_wconf 86' lang='lat' dir='ltr'>ex</span> <span class='ocrx_word' id='word_1_225' title='bbox 1426 3049 1463 3116; x_wconf 90' lang='lat'>0.</span> 
     </span>
     <span class='ocr_line' id='line_1_26' title="bbox 326 3150 1466 3244; baseline -0.003 -23"><span class='ocrx_word' id='word_1_226' title='bbox 326 3156 362 3221; x_wconf 88' lang='lat' dir='ltr'>R.</span> <span class='ocrx_word' id='word_1_227' title='bbox 386 3157 500 3242; x_wconf 89' lang='lat' dir='ltr'>petito.</span> <span class='ocrx_word' id='word_1_228' title='bbox 536 3157 587 3224; x_wconf 92' lang='lat' dir='ltr'>lbi</span> <span class='ocrx_word' id='word_1_229' title='bbox 606 3157 752 3244; x_wconf 87' lang='lat' dir='ltr'>Oedipus</span> <span class='ocrx_word' id='word_1_230' title='bbox 770 3180 844 3224; x_wconf 89' lang='lat' dir='ltr'>cum</span> <span class='ocrx_word' id='word_1_231' title='bbox 860 3159 1046 3242; x_wconf 84' lang='lat' dir='ltr'>interrogat</span> <span class='ocrx_word' id='word_1_232' title='bbox 1068 3153 1101 3221; x_wconf 85' lang='grc' dir='ltr'><strong><em>τί</em></strong></span> <span class='ocrx_word' id='word_1_233' title='bbox 1122 3153 1191 3234; x_wconf 74' lang='grc' dir='ltr'>δῆτ’</span> <span class='ocrx_word' id='word_1_234' title='bbox 1220 3154 1295 3238; x_wconf 78' lang='grc' dir='ltr'>ἐμοὶ</span> <span class='ocrx_word' id='word_1_235' title='bbox 1316 3150 1466 3242; x_wconf 67' lang='lat' dir='ltr'>pisacciv</span> 
     </span>
     <span class='ocr_line' id='line_1_27' title="bbox 325 3256 1465 3344; baseline -0.001 -22"><span class='ocrx_word' id='word_1_236' title='bbox 325 3265 386 3323; x_wconf 88' lang='lat' dir='ltr'>etc.</span> <span class='ocrx_word' id='word_1_237' title='bbox 409 3259 549 3325; x_wconf 75' lang='lat' dir='ltr'>illudet</span> <span class='ocrx_word' id='word_1_238' title='bbox 573 3259 636 3326; x_wconf 84' lang='lat' dir='ltr'>srbi</span> <span class='ocrx_word' id='word_1_239' title='bbox 659 3281 871 3344; x_wconf 88' lang='lat' dir='ltr'>nequaquam</span> <span class='ocrx_word' id='word_1_240' title='bbox 894 3267 1021 3326; x_wconf 86' lang='lat' dir='ltr'>exstare</span> <span class='ocrx_word' id='word_1_241' title='bbox 1042 3258 1175 3325; x_wconf 89' lang='lat' dir='ltr'>minime</span> <span class='ocrx_word' id='word_1_242' title='bbox 1198 3260 1341 3344; x_wconf 86' lang='lat' dir='ltr'>ignorat,</span> <span class='ocrx_word' id='word_1_243' title='bbox 1364 3256 1465 3322; x_wconf 88' lang='lat' dir='ltr'>inter·</span> 
     </span>
     <span class='ocr_line' id='line_1_28' title="bbox 326 3358 1465 3448; baseline -0.001 -24"><span class='ocrx_word' id='word_1_244' title='bbox 326 3368 421 3445; x_wconf 81' lang='lat' dir='ltr'>rogat</span> <span class='ocrx_word' id='word_1_245' title='bbox 452 3367 581 3448; x_wconf 80' lang='lat' dir='ltr'>tamen,</span> <span class='ocrx_word' id='word_1_246' title='bbox 611 3370 650 3429; x_wconf 89' lang='lat' dir='ltr'>ut</span> <span class='ocrx_word' id='word_1_247' title='bbox 678 3384 718 3428; x_wconf 86' lang='lat' dir='ltr'>ea</span> <span class='ocrx_word' id='word_1_248' title='bbox 749 3364 823 3448; x_wconf 86' lang='lat' dir='ltr'>ipsa</span> <span class='ocrx_word' id='word_1_249' title='bbox 852 3383 936 3446; x_wconf 87' lang='lat' dir='ltr'>quae</span> <span class='ocrx_word' id='word_1_250' title='bbox 966 3362 1028 3428; x_wconf 89' lang='lat' dir='ltr'>sibi</span> <span class='ocrx_word' id='word_1_251' title='bbox 1051 3362 1170 3426; x_wconf 88' lang='lat' dir='ltr'>desunt</span> <span class='ocrx_word' id='word_1_252' title='bbox 1193 3358 1340 3444; x_wconf 84' lang='lat' dir='ltr'>rogando</span> <span class='ocrx_word' id='word_1_253' title='bbox 1364 3359 1465 3424; x_wconf 89' lang='lat' dir='ltr'>animi</span> 
     </span>
     <span class='ocr_line' id='line_1_29' title="bbox 325 3461 1465 3549; baseline -0.003 -21"><span class='ocrx_word' id='word_1_254' title='bbox 325 3471 506 3532; x_wconf 86' lang='lat' dir='ltr'>extremam</span> <span class='ocrx_word' id='word_1_255' title='bbox 528 3464 792 3549; x_wconf 87' lang='lat' dir='ltr'>desperationem</span> <span class='ocrx_word' id='word_1_256' title='bbox 821 3486 860 3530; x_wconf 88' lang='lat' dir='ltr'>eo</span> <span class='ocrx_word' id='word_1_257' title='bbox 884 3465 999 3531; x_wconf 83' lang='lat' dir='ltr'>lortius</span> <span class='ocrx_word' id='word_1_258' title='bbox 1022 3465 1201 3548; x_wconf 81' lang='lat' dir='ltr'>exprimat:</span> <span class='ocrx_word' id='word_1_259' title='bbox 1230 3461 1286 3526; x_wconf 89' lang='lat' dir='ltr'>hic</span> <span class='ocrx_word' id='word_1_260' title='bbox 1311 3462 1465 3527; x_wconf 88' lang='lat' dir='ltr'>mulieres</span> 
     </span>
     <span class='ocr_line' id='line_1_30' title="bbox 327 3564 1464 3634; baseline -0.004 -2"><span class='ocrx_word' id='word_1_261' title='bbox 327 3566 555 3633; x_wconf 79' lang='lat' dir='ltr'>Corinthiacus</span> <span class='ocrx_word' id='word_1_262' title='bbox 591 3569 745 3634; x_wconf 89' lang='lat' dir='ltr'>miseram</span> <span class='ocrx_word' id='word_1_263' title='bbox 783 3568 918 3634; x_wconf 87' lang='lat' dir='ltr'>lledeae</span> <span class='ocrx_word' id='word_1_264' title='bbox 954 3565 1175 3633; x_wconf 90' lang='lat' dir='ltr'>conditionem</span> <span class='ocrx_word' id='word_1_265' title='bbox 1205 3587 1333 3631; x_wconf 89' lang='lat' dir='ltr'>summa</span> <span class='ocrx_word' id='word_1_266' title='bbox 1363 3564 1464 3629; x_wconf 77' lang='lat' dir='ltr'>:minii</span> 
     </span>
     <span class='ocr_line' id='line_1_31' title="bbox 327 3667 1464 3755; baseline -0.004 -21"><span class='ocrx_word' id='word_1_267' title='bbox 327 3669 550 3736; x_wconf 83' lang='lat' dir='ltr'>misericordia</span> <span class='ocrx_word' id='word_1_268' title='bbox 572 3675 811 3755; x_wconf 88' lang='lat' dir='ltr'>prosequentes</span> <span class='ocrx_word' id='word_1_269' title='bbox 827 3669 982 3735; x_wconf 86' lang='lat' dir='ltr'>dubitant</span> <span class='ocrx_word' id='word_1_270' title='bbox 1001 3669 1132 3752; x_wconf 89' lang='lat' dir='ltr'>quidem</span> <span class='ocrx_word' id='word_1_271' title='bbox 1154 3667 1364 3732; x_wconf 84' lang='lat' dir='ltr'>vehementer</span> <span class='ocrx_word' id='word_1_272' title='bbox 1387 3688 1464 3730; x_wconf 90' lang='lat' dir='ltr'>uum</span> 
     </span>
     <span class='ocr_line' id='line_1_32' title="bbox 327 3767 1465 3858; baseline -0.005 -22"><span class='ocrx_word' id='word_1_273' title='bbox 327 3772 418 3837; x_wconf 88' lang='lat' dir='ltr'>illam</span> <span class='ocrx_word' id='word_1_274' title='bbox 448 3772 581 3838; x_wconf 90' lang='lat' dir='ltr'>omnino</span> <span class='ocrx_word' id='word_1_275' title='bbox 611 3773 776 3858; x_wconf 82' lang='lat' dir='ltr'>refugium</span> <span class='ocrx_word' id='word_1_276' title='bbox 804 3773 938 3857; x_wconf 84' lang='lat' dir='ltr'>aliquod</span> <span class='ocrx_word' id='word_1_277' title='bbox 960 3777 1168 3856; x_wconf 81' lang='lat' dir='ltr'>recepturum</span> <span class='ocrx_word' id='word_1_278' title='bbox 1191 3771 1252 3854; x_wconf 87' lang='lat' dir='ltr'>sit,</span> <span class='ocrx_word' id='word_1_279' title='bbox 1281 3777 1393 3834; x_wconf 89' lang='lat' dir='ltr'>tamen</span> <span class='ocrx_word' id='word_1_280' title='bbox 1417 3767 1465 3831; x_wconf 83' lang='lat' dir='ltr'>ila</span> 
     </span>
     <span class='ocr_line' id='line_1_33' title="bbox 326 3867 1463 3961; baseline -0.003 -24"><span class='ocrx_word' id='word_1_281' title='bbox 326 3875 539 3958; x_wconf 83' lang='lat' dir='ltr'>interrogant,</span> <span class='ocrx_word' id='word_1_282' title='bbox 572 3883 609 3941; x_wconf 92' lang='lat' dir='ltr'>ut</span> <span class='ocrx_word' id='word_1_283' title='bbox 633 3877 880 3961; x_wconf 83' lang='lat' dir='ltr'>responsionem</span> <span class='ocrx_word' id='word_1_284' title='bbox 903 3896 969 3940; x_wconf 91' lang='lat' dir='ltr'>nou</span> <span class='ocrx_word' id='word_1_285' title='bbox 990 3879 1164 3958; x_wconf 85' lang='lat' dir='ltr'>respuant,</span> <span class='ocrx_word' id='word_1_286' title='bbox 1188 3871 1256 3954; x_wconf 84' lang='lat' dir='ltr'>sed,</span> <span class='ocrx_word' id='word_1_287' title='bbox 1279 3871 1307 3936; x_wconf 87' lang='lat' dir='ltr'>si</span> <span class='ocrx_word' id='word_1_288' title='bbox 1330 3867 1463 3952; x_wconf 79' lang='lat' dir='ltr'>quiden:</span> 
     </span>
     <span class='ocr_line' id='line_1_34' title="bbox 327 3976 1463 4063; baseline -0.004 -23"><span class='ocrx_word' id='word_1_289' title='bbox 327 3976 393 4040; x_wconf 84' lang='lat' dir='ltr'>ullu</span> <span class='ocrx_word' id='word_1_290' title='bbox 420 3976 624 4063; x_wconf 85' lang='lat' dir='ltr'>inveniatur,</span> <span class='ocrx_word' id='word_1_291' title='bbox 654 3987 724 4045; x_wconf 89' lang='lat' dir='ltr'>toto</span> <span class='ocrx_word' id='word_1_292' title='bbox 753 3979 863 4043; x_wconf 81' lang='lat' dir='ltr'>:urimo</span> <span class='ocrx_word' id='word_1_293' title='bbox 893 3999 967 4044; x_wconf 90' lang='lat' dir='ltr'>eam</span> <span class='ocrx_word' id='word_1_294' title='bbox 995 3976 1148 4059; x_wconf 80' lang='lat' dir='ltr'>amplecti</span> <span class='ocrx_word' id='word_1_295' title='bbox 1171 3979 1345 4060; x_wconf 86' lang='lat' dir='ltr'>promptae</span> <span class='ocrx_word' id='word_1_296' title='bbox 1370 3994 1463 4056; x_wconf 83' lang='lat' dir='ltr'>para·</span> 
     </span>
     <span class='ocr_line' id='line_1_35' title="bbox 326 4076 1463 4162; baseline -0.004 -19"><span class='ocrx_word' id='word_1_297' title='bbox 326 4085 445 4162; x_wconf 82' lang='lat' dir='ltr'>tueque</span> <span class='ocrx_word' id='word_1_298' title='bbox 472 4079 548 4144; x_wconf 86' lang='lat' dir='ltr'>sint.</span> <span class='ocrx_word' id='word_1_299' title='bbox 594 4081 828 4148; x_wconf 85' lang='lat' dir='ltr'>Coniunctivus</span> <span class='ocrx_word' id='word_1_300' title='bbox 859 4079 1094 4144; x_wconf 78' lang='lat' dir='ltr'>deliberativas</span> <span class='ocrx_word' id='word_1_301' title='bbox 1117 4079 1151 4141; x_wconf 89' lang='lat' dir='ltr'>iu</span> <span class='ocrx_word' id='word_1_302' title='bbox 1174 4076 1235 4141; x_wconf 90' lang='lat' dir='ltr'>boc</span> <span class='ocrx_word' id='word_1_303' title='bbox 1257 4096 1377 4159; x_wconf 81' lang='lat' dir='ltr'>genero</span> <span class='ocrx_word' id='word_1_304' title='bbox 1402 4077 1463 4138; x_wconf 84' lang='lat' dir='ltr'>l&#39;re·</span> 
     </span>
     <span class='ocr_line' id='line_1_36' title="bbox 325 4176 1462 4270; baseline -0.004 -24"><span class='ocrx_word' id='word_1_305' title='bbox 325 4182 595 4270; x_wconf 86' lang='lat' dir='ltr'>quautatissimus</span> <span class='ocrx_word' id='word_1_306' title='bbox 609 4205 669 4268; x_wconf 86' lang='lat' dir='ltr'>per</span> <span class='ocrx_word' id='word_1_307' title='bbox 688 4205 723 4249; x_wconf 91' lang='lat' dir='ltr'>se</span> <span class='ocrx_word' id='word_1_308' title='bbox 746 4183 950 4251; x_wconf 88' lang='lat' dir='ltr'>voluntatem</span> <span class='ocrx_word' id='word_1_309' title='bbox 965 4181 1067 4248; x_wconf 87' lang='lat' dir='ltr'>animi</span> <span class='ocrx_word' id='word_1_310' title='bbox 1079 4179 1121 4245; x_wconf 92' lang='lat' dir='ltr'>ad</span> <span class='ocrx_word' id='word_1_311' title='bbox 1133 4178 1259 4264; x_wconf 89' lang='lat' dir='ltr'>aliquid</span> <span class='ocrx_word' id='word_1_312' title='bbox 1275 4176 1462 4245; x_wconf 86' lang='lat' dir='ltr'>laciendum</span> 
     </span>
    </p>
   </div>
   <div class='ocr_carea' id='block_1_3' title="bbox 0 0 1782 4822">
    <p class='ocr_par' dir='ltr' id='par_1_4' title="bbox 0 0 1782 4822">
     <span class='ocr_line' id='line_1_37' title="bbox 0 0 1782 4822; baseline 0 0"><span class='ocrx_word' id='word_1_313' title='bbox 0 0 1782 4822; x_wconf 95' lang='lat' dir='ltr'> </span> 
     </span>
    </p>
   </div>
  </div>
 </body>
</html>
