3554 4822
244 1206 305 1306 Do
324 1207 524 1326 singulis
545 1208 918 1446 enuntiationlpm
933 1209 1375 1331 interrogativorunu

676 1373 832 1465 genem
864 1375 931 1447 na

196 1520 200 1530 '
267 1525 395 1594 Paro
412 1527 578 1608 prior:
595 1529 656 1596 De
665 1527 1067 1609 interrogationibus
1084 1526 1349 1610 pronomina·

534 1646 646 1716 libus
673 1664 704 1715 o.
733 1647 1082 1717 determinativis.

331 1924 383 2008 lto
408 1927 516 2008 voris
542 1790 917 2030 mnnogiiiiiinis
943 1925 1295 2030 pronominalibns.

378 2114 454 2205 §4
480 2119 522 2186 tto
545 2119 818 2201 interrogationum
844 2119 1103 2202 pronominutium
1128 2120 1245 2186 natura.
1309 2207 1311 2210 .

330 2252 437 2318 Primo
461 2254 562 2337 igitur
580 2253 649 2319 loco
664 2276 719 2318 nus
736 2254 1012 2338 interrogationes
1029 2255 1279 2339 pertractandas
1295 2253 1376 2319 mihi

243 2353 401 2438 proposui
431 2376 513 2438 quas
536 2355 709 2422 Delbrtick.
738 2355 1198 2441 „l'erdeutlichungst'ragon“
1220 2356 1376 2440 appellnt,

243 2477 302 2522 uos
341 2457 608 2524 determinativas
645 2479 669 2523 s.
700 2458 894 2524 Germanico
930 2460 1060 2524 nomino
1099 2458 1377 2543 „Bestirumnngs-

243 2557 381 2643 sagene
405 2579 489 2642 quoe
515 2563 645 2645 quidem
674 2563 868 2644 pronomine
891 2563 1126 2646 interrogativo
1150 2583 1170 2625 a
1192 2567 1376 2628 ceterarum

243 2661 434 2728 diversitate
474 2666 577 2746 primo
616 2662 734 2729 obtutu
764 2663 860 2730 focile
887 2664 1140 2748 distinguendae
1175 2666 1245 2728 aine
1276 2663 1375 2729 dubio

244 2766 342 2831 etiam
380 2767 676 2850 interrogationum
712 2767 989 2851 pronominaliunr
1028 2767 1159 2832 nominc
1196 2766 1376 2830 rectissime

244 2867 464 2950 appellantur.
509 2869 653 2946 Quarum
682 2869 729 2934 vis
752 2890 789 2934 ac
813 2878 934 2934 natura
957 2877 994 2933 ut
1016 2868 1152 2934 celerius
1176 2869 1377 2952 percipiatur

243 2970 329 3035 illico
352 2970 501 3055 exempla
531 2970 645 3036 att'erro
675 2971 753 3037 licet
781 2993 798 3036 e
828 2971 937 3036 media
966 2972 1034 3036 vita
1055 2972 1162 3055 petita
1184 2965 1302 3054 auibus
1324 2991 1377 3035 res

243 3072 317 3155 ipsa
339 3073 530 3139 illustretur.
567 3073 687 3158 Finges
704 3074 763 3139 tibi
787 3073 953 3139 homiuem
976 3073 1122 3156 aliquem
1145 3073 1202 3156 qui
1224 3071 1378 3138 conclave

244 3197 339 3240 suum
361 3176 548 3260 ingrediens
572 3176 690 3242 librum
712 3185 801 3242 corto
826 3175 971 3260 quodam
994 3176 1064 3242 loco
1088 3182 1220 3240 antean
1234 3174 1376 3240 secollo·

244 3284 354 3343 catum
382 3277 557 3343 desiderat.
603 3280 696 3344 Hunc
726 3281 807 3346 satis
837 3279 1009 3363 probabile
1038 3284 1089 3343 est
1118 3279 1376 3345 exclamaturum

244 3401 332 3446 esse:
366 3380 455 3462 ,Quis
485 3380 566 3445 nuihi
590 3381 707 3447 librum
731 3382 821 3448 illum
845 3382 920 3447 hinc
944 3381 1117 3446 removit?‘
1146 3381 1247 3458 Quem
1275 3379 1374 3463 poulo

245 3489 322 3547 onte
345 3482 391 3547 ibi
414 3483 542 3550 viderat
565 3505 638 3549 cum
661 3506 725 3549 non
745 3485 814 3568 jam
837 3483 943 3558 videt3
971 3484 1084 3566 itaque
1115 3481 1281 3548 concludit
1303 3503 1377 3546 cum

246 3586 337 3650 nulla
366 3605 418 3650 res
449 3594 562 3670 sponte
593 3593 824 3653 moveaturne
849 3587 969 3652 librum
992 3584 1125 3668 quidem
1148 3584 1214 3648 alia
1236 3584 1304 3649 ulla
1325 3605 1375 3648 ra·

245 3686 334 3752 tione
365 3689 429 3752 uisi
451 3688 491 3753 ab
515 3688 645 3754 homine
669 3689 779 3772 aliquo
803 3699 926 3754 motuni
950 3709 1029 3752 esse.
1066 3688 1135 3752 lom
1158 3707 1233 3752 vero
1256 3688 1284 3752 is
1306 3687 1376 3771 ipse

246 3788 342 3855 homo
374 3811 470 3873 quem
493 3790 657 3856 desiderat
686 3813 759 3857 curu
792 3795 821 3856 ei
851 3791 954 3874 desit,
989 3789 1061 3854 lieri
1088 3789 1141 3853 rix
1164 3796 1274 3874 potest
1296 3791 1376 3873 quin

246 3893 502 3975 cogitationibus
526 3893 629 3960 libero
652 3915 749 3959 cursu
772 3893 949 3978 prohibitis
963 3892 1148 3958 molestiam
1160 3891 1237 3956 iude
1255 3891 1376 3956 iactant

215 3999 217 4003 ’
245 3996 459 4078 propulsurus
489 3997 672 4079 interroget.
718 3996 830 4080 Neque
862 4017 937 4060 rero
968 3995 1107 4059 alteram
1131 3996 1244 4060 statim
1267 4015 1375 4077 perso·

245 4118 320 4162 nam
347 4095 434 4162 unde
463 4096 497 4163 id
519 4099 607 4182 quod
636 4101 706 4165 rult
728 4100 910 4185 comperiat
941 4097 1134 4180 alloquatur
1157 4117 1287 4164 necesse
1310 4105 1376 4172 est3
