3554 4822
816 454 1010 523 ..9-

985 585 997 608 .

345 652 444 716 quarn
474 631 638 697 celerrime
675 631 842 697 relaxetur
877 617 1017 713 euinque
1047 629 1148 696 animi
1179 628 1383 696 affectionem
1414 652 1479 698 ser·

344 755 440 801 mone
482 735 636 817 exprimit
678 734 699 798 i.
743 754 767 798 c.
813 733 1060 818 responsionem
1101 731 1236 816 flagitat.
1299 733 1370 799 Hoc
1414 735 1480 818 ple-

275 917 281 931 ·
344 856 483 922 rumque
513 839 560 901 ita
590 835 678 922 fieri,
709 849 746 902 ut
775 837 829 902 ille
860 837 1002 901 alterum
1031 837 1173 919 aliquem
1202 835 1366 902 homiuem
1395 837 1480 902 unde

345 939 379 1006 id
421 940 510 1022 quod
549 937 715 1005 desiderat
751 938 814 1004 sibi
849 939 1041 1022 suppeditet
1079 938 1269 1021 alloquatur
1305 938 1481 1005 conceden-

345 1041 424 1108 dum
453 1050 522 1126 cst,
551 1044 770 1110 necessarium
800 1061 872 1106 esse
900 1041 1085 1125 praefracte
1115 1040 1307 1124 negandum.
1352 1039 1481 1106 Etenim

345 1144 544 1211 desiderium
566 1144 648 1210 illud
670 1145 905 1229 cogitationum
921 1164 1052 1209 cursum
1075 1144 1283 1208 vehementer
1298 1146 1480 1210 restrictum

345 1247 491 1312 solvendi
520 1255 587 1313 tarn
614 1246 787 1312 vehemens
816 1268 887 1311 csse
917 1254 1028 1330 potest
1055 1253 1092 1310 ut
1122 1246 1250 1312 etiarnsi
1273 1247 1406 1311 omnino
1428 1246 1481 1310 de-

309 1411 311 1416 ,
346 1350 391 1414 sit
419 1351 477 1433 qui
505 1350 704 1433 respondeat
733 1359 844 1415 tamen
875 1350 1116 1433 interrogetur,
1154 1370 1257 1431 neque
1288 1355 1394 1414 toturn
1421 1347 1483 1415 hoc

345 1471 447 1539 genus
470 1473 543 1518 cum
566 1452 649 1516 nihil
672 1451 795 1517 habeat
817 1451 907 1535 quod
931 1472 1079 1516 verarum
1110 1452 1402 1534 interrogationum
1425 1472 1479 1516 na-

350 1543 444 1619 turae
466 1561 644 1639 repugnet,
668 1553 800 1638 siquid
830 1553 935 1636 video,
959 1573 1033 1618 cum
1057 1552 1254 1618 Delbri'rckio
1277 1553 1320 1618 ad
1342 1554 1479 1620 interro·

346 1657 495 1738 gationes
525 1657 707 1723 rhetoricas
739 1656 855 1721 referri
886 1657 1019 1741 poterit.
1066 1656 1189 1734 Quodsi
1225 1657 1311 1720 enim
1340 1655 1480 1743 exempli

349 1779 449 1823 causa
476 1760 656 1844 imperator
691 1760 811 1842 aliquis
850 1760 884 1822 in
922 1780 1048 1823 summo
1078 1758 1265 1823 certaminis
1295 1759 1483 1825 discrimine

345 1861 425 1925 socii
441 1861 578 1927 alicuius
593 1863 705 1945 copias
722 1861 900 1926 auxiliares
917 1867 1110 1945 exspectaus
1125 1861 1264 1926 sollicite
1284 1863 1482 1945 interrogat:

346 1961 442 2045 ,Num
473 1963 520 2028 illi
549 1966 710 2048 promisso
740 1963 912 2031 stabunt't‘
950 1987 973 2028 s.
1014 1962 1075 2028 lroc
1105 1984 1161 2027 ore
1191 1963 1353 2029 exclamat
1381 1987 1405 2029 s.
1435 1985 1482 2029 se·

347 2085 421 2130 cum
452 2073 581 2132 tautum
611 2069 644 2132 in
668 2071 777 2134 auimo
801 2066 945 2149 volutat,
976 2066 1026 2130 vel
1056 2067 1084 2131 si
1111 2066 1162 2130 cui
1191 2067 1294 2131 amico
1326 2066 1481 2133 subtilem

348 2167 491 2251 aliquem
523 2193 561 2234 ac
591 2171 760 2253 spinosum
790 2170 1005 2234 scientiarum
1029 2169 1135 2233 locum
1158 2169 1379 2252 explicaturus
1401 2169 1482 2235 haec

347 2270 496 2352 profero:
535 2278 691 2352 ,tpranarn
729 2272 860 2338 ratione
899 2270 960 2335 tibi
991 2270 1052 2334 hoc
1092 2269 1251 2360 facillime
1278 2271 1483 2338 illustrabol‘

349 2393 456 2437 nonne
479 2373 540 2437 hae
565 2395 658 2438 verae
682 2375 960 2457 interrogationes
984 2371 1220 2438 existimandae
1242 2381 1330 2438 sunt:
1360 2375 1482 2458 quippe

349 2496 433 2557 quae
464 2497 590 2541 sunrura
619 2479 648 2540 vi
683 2476 931 2561 responsionem
963 2478 1115 2559 exigant,
1154 2476 1279 2540 etiamsi
1312 2475 1398 2540 desit
1427 2477 1484 2559 qui

348 2577 437 2642 illam
468 2585 637 2662 praestet?
689 2579 899 2664 Quapropter
936 2599 1107 2644 caveamus
1146 2598 1185 2642 ne
1220 2578 1303 2644 tales
1343 2578 1481 2642 interro·

347 2682 494 2764 gationes
524 2680 565 2744 ad
598 2681 778 2745 rhetoricas
810 2680 992 2764 relegemus
1024 2679 1185 2764 siquidem
1216 2681 1248 2743 in
1278 2679 1328 2745 his
1351 2683 1483 2745 omuino

349 2783 476 2865 aliquid
508 2784 612 2847 inesse
642 2784 760 2848 dolreat
792 2783 881 2864 quod
912 2784 1066 2867 propriae
1098 2782 1322 2864 interrogandi
1346 2789 1484 2847 naturae

348 2887 545 2950 contrarium
570 2888 614 2948 sit
637 2887 655 2950 i.
679 2887 809 2968 equod
824 2887 1071 2968 responsionem
1096 2905 1160 2948 non
1176 2886 1295 2967 exigat,
1319 2885 1375 2948 sed
1395 2906 1483 2969 sper·

349 2995 416 3053 irat.
461 2989 583 3065 Quodsi
615 3011 670 3052 cas
694 2989 972 3072 interrogationes
997 3008 1080 3070 quae
1104 3008 1168 3051 non
1192 2994 1316 3052 certam
1338 2987 1483 3070 aliquam

349 3110 522 3174 persenam
555 3091 726 3175 appellant
765 3092 797 3153 in
829 3090 1003 3155 rhetoricis
1033 3089 1248 3170 collocamus,
1279 3088 1412 3154 ubinam
1443 3090 1484 3156 iis

349 3191 439 3258 locus
462 3191 593 3258 dubitur
616 3215 701 3276 quae
720 3194 1015 3276 interrogationum
1038 3193 1178 3276 speciem
1201 3191 1484 3274 praeseferentes

349 3315 384 3359 re
407 3316 484 3358 vera
506 3296 783 3379 interrogationes
807 3295 940 3360 omnino
966 3317 1030 3360 nou
1053 3297 1154 3359 sunt?
1185 3295 1386 3377 Quamquam
1410 3315 1484 3360 con·

349 3396 444 3461 liteor
482 3397 637 3463 rhetorici
667 3399 700 3462 in
730 3398 918 3462 universnm
950 3398 1116 3462 notionem
1149 3415 1221 3461 cum
1249 3395 1435 3480 ubicunqne
1465 3419 1485 3461 a

350 3499 571 3581 grarrnuaticis
603 3500 791 3565 homiuibus
821 3498 1022 3564 adhibeatur
1051 3518 1179 3582 semper
1209 3500 1325 3563 irrcerti
1356 3499 1483 3583 aliquid

349 3622 388 3664 ac
411 3601 551 3667 volubile
581 3625 688 3667 secum
713 3602 815 3685 terat,
846 3602 1119 3686 psychoiogorum
1142 3621 1243 3684 opera
1265 3601 1362 3684 longe
1385 3604 1484 3666 etiam

348 3703 534 3768 distinctius
566 3705 784 3770 deliniendam
816 3725 897 3768 esse.
945 3705 989 3769 Ut
1021 3725 1096 3768 roro
1120 3725 1246 3768 summa
1276 3712 1483 3787 argumenta·

349 3805 449 3870 tionis
472 3828 562 3871 meae
586 3814 758 3890 repetatur
782 3806 843 3871 hec
866 3828 926 3889 pro
951 3815 1040 3871 certo
1064 3804 1168 3870 habeo
1192 3807 1224 3869 in
1248 3805 1362 3889 quavis
1385 3807 1484 3870 inter·

349 3909 518 3989 rogatione
532 3910 723 3991 primarium
739 3931 802 3974 non
818 3932 888 3974 esse
905 3909 1210 3993 alteriuspersonae
1220 3907 1484 3993 appellationem,

349 4010 406 4073 sed
436 4010 633 4076 desiderium
670 4012 893 4095 responsionis
931 3993 1032 4075 animi
1069 4011 1251 4075 molestiam
1288 4011 1484 4075 removentis

349 4112 586 4200 impetrandae.
631 4116 739 4199 Atque
763 4114 797 4179 id
820 4115 929 4200 ipsum
953 4111 1151 4180 desiderium
1174 4113 1380 4198 potissimum
1402 4112 1485 4180 illud
