3554 4822
788 431 1004 534 —15ss

324 632 463 706 habet?‘
504 639 556 707 cui
589 641 822 726 respondetur:
856 638 924 723 ,nix
952 637 1033 708 alba
1063 640 1122 703 est‘
1155 637 1310 704 iudicium
1346 635 1459 705 subest

323 743 436 828 paullo
467 741 635 809 definitius
665 743 742 809 hoc:
773 743 844 826 ,nix
872 743 1015 807 colorem
1049 740 1193 822 aliquem
1227 741 1346 807 habet‘.
1390 741 1464 808 Etsi

325 865 402 912 vero
436 846 492 911 ubi
522 845 748 930 praedicatum
771 844 962 928 anquiritur
992 842 1167 928 peculiaris
1198 845 1358 926 quaedam
1380 846 1464 912 ratio

325 948 506 1016 statuenda
535 957 603 1030 est,
634 955 745 1014 tamen
781 970 820 1014 ea
851 954 1006 1012 naturam
1028 944 1148 1011 harum
1169 946 1464 1031 interrogationum

326 1069 535 1135 nequaquam
566 1051 668 1118 tollit:
699 1054 726 1117 si
758 1051 846 1117 enim
875 1069 1034 1133 quercum
1065 1070 1145 1132 rogo
1178 1049 1335 1131 quidnam
1357 1052 1401 1116 sit
1425 1071 1465 1115 ex

325 1151 463 1220 infinitis
502 1155 646 1221 omnium
683 1176 791 1220 rerum
830 1151 1006 1238 generibus
1037 1152 1071 1217 id
1100 1159 1287 1235 promptum
1317 1154 1388 1219 volo
1422 1152 1463 1218 ad

326 1256 413 1338 quod
444 1277 583 1341 quercus
607 1257 782 1341 pertineat.
817 1255 939 1321 Totum
961 1256 1061 1339 igitur
1084 1255 1145 1320 lroc
1168 1256 1463 1340 interrogationum

325 1379 429 1443 genus
452 1380 527 1444 quo,
551 1365 589 1424 ut
611 1359 753 1443 imagine
771 1381 811 1424 ex
826 1356 1137 1423 mathematicorum
1155 1357 1342 1441 regionibus
1359 1361 1464 1443 petita

325 1467 412 1545 utar,
435 1464 470 1528 in
493 1463 601 1547 spatio
625 1462 739 1546 aliquo
753 1461 841 1545 quod
864 1471 977 1527 notum
990 1469 1041 1524 est
1056 1466 1213 1543 puuctum
1228 1460 1360 1544 aliquod
1376 1461 1464 1545 quod

325 1561 476 1647 ignotum
492 1567 776 1648 estinterrogatur
792 1564 1014 1647 maximopere
1027 1561 1068 1626 ab
1083 1562 1124 1627 iis
1140 1563 1464 1646 interrogationibus

325 1663 445 1747 quibus
469 1667 649 1750 numquid
672 1669 781 1732 sitan
806 1688 870 1732 nou
895 1667 939 1730 sit
959 1666 1192 1748 interrogatur,
1216 1665 1379 1732 diuersum
1392 1689 1463 1732 esse

325 1767 400 1849 quis
428 1775 479 1832 est
508 1770 587 1853 quin
611 1771 739 1836 videat?
784 1773 874 1848 Quae
898 1791 973 1833 cum
1004 1770 1052 1832 ita
1074 1769 1143 1833 sint
1165 1787 1281 1833 nomen
1305 1767 1393 1850 quod
1415 1775 1465 1834 est

323 1867 708 1956 ‚Bestimmungsfragen‘
737 1871 837 1936 otiam
868 1873 980 1954 aptius
1011 1892 1081 1935 esse
1111 1872 1224 1954 putari
1255 1891 1353 1953 quam
1376 1870 1465 1955 ,Ver-

324 1969 692 2058 deutlichungsiragen‘.
723 1973 836 2057 Neque
860 1976 946 2038 enim
970 1973 1130 2039 eiusmodi
1154 1973 1466 2056 interrogationibus

324 2075 458 2140 omnino
475 2077 545 2141 sine
565 2075 789 2160 distinguendi
804 2097 843 2141 ac
858 2075 1025 2141 subtiliter
1043 2074 1250 2141 describendi
1272 2075 1398 2158 aliquid
1419 2075 1435 2140 f
1455 2114 1467 2124 -

325 2177 449 2242 cultata
480 2187 569 2244 recte
599 2179 789 2261 responderi
822 2188 942 2263 potest.
988 2178 1200 2261 Quapropter
1229 2179 1263 2241 in
1290 2177 1335 2242 Pl.
1368 2179 1465 2261 Gorg.

323 2300 355 2362 p.
378 2280 475 2344 4480.
504 2280 602 2346 Polus
633 2282 690 2363 qui
714 2279 956 2364 Chaerephonti
986 2281 1032 2344 sic
1057 2282 1293 2362 interroganti:
1320 2283 1380 2346 νῦν
1402 2281 1464 2345 δ’ἐ-

325 2377 429 2458 aredii
460 2380 580 2457 τίνος
609 2383 724 2469 τέχνης
753 2379 947 2464 ἐπιστήμων
976 2383 1058 2458 ἐστὶ,
1089 2381 1186 2446 τίνα
1216 2381 1260 2445 ἄν
1284 2383 1467 2459 καλοῦντες

325 2477 428 2548 αὐτὸν
450 2485 504 2566 (sc.
529 2484 699 2570 Gorgiam)
724 2484 841 2570 ὀρθῶς
864 2486 1048 2568 saluium
1072 2507 1137 2550 non
1161 2504 1219 2568 pro
1243 2485 1341 2551 huius
1364 2486 1461 2552 inter-

324 2587 507 2668 rogationis
530 2587 656 2652 ratione
680 2588 888 2670 respondeat,
913 2586 970 2651 sed
994 2586 1187 2670 arubagibus
1210 2588 1303 2654 factis
1325 2589 1367 2654 acl
1383 2589 1465 2655 illud

325 2694 507 2753 extremum
531 2689 645 2753 redeat
668 2689 824 2774 Gorgiam
849 2688 1104 2772 pulcherrimam
1128 2697 1234 2756 artem
1257 2690 1372 2757 docere
1395 2693 1465 2756 inre

325 2809 346 2853 a
367 2789 503 2856 Socrate
525 2792 708 2876 castigatur
731 2792 810 2875 quia
834 2792 984 2874 quamvis
1010 2791 1199 2876 praeclarus
1223 2793 1333 2858 rhetor
1355 2801 1465 2859 tamen

326 2891 546 2976 respondendi
569 2904 671 2963 artem
696 2894 840 2961 nondum
864 2894 1028 2959 didicerit.
1074 2899 1278 2978 Quarnquarn
1307 2917 1385 2960 sane
1408 2916 1464 2960 no·

326 2993 417 3058 mina
446 2995 489 3059 ad
518 2998 624 3080 ipsam
657 3019 725 3062 rem
753 2996 842 3062 haud
866 2999 915 3064 ita
937 2997 1049 3080 magni
1073 2997 1224 3063 iacienda
1246 3004 1332 3063 sunt.
1376 2996 1464 3064 Satis

326 3102 377 3161 est
392 3095 456 3162 sibi
471 3100 669 3180 persuadere
685 3100 773 3165 inter
796 3099 856 3165 lias
880 3101 1159 3183 interrogationes
1182 3107 1282 3184 atque
1305 3123 1359 3166 eas
1383 3123 1465 3184 quus

325 3218 398 3264 cum
415 3199 613 3267 Delbriickio
636 3203 817 3268 rectissime
839 3201 1237 3287 „Bestiitigungslragon“
1259 3203 1464 3288 appellamus

327 3300 534 3385 aliquantum
558 3306 721 3371 interesse.

412 3404 517 3482 Quam
547 3407 679 3490 quidem
712 3409 934 3474 differentiam
968 3407 1102 3472 liviiala
1131 3408 1149 3471 l.
1174 3408 1193 3471 l.
1218 3431 1247 3491 p.
1272 3409 1288 3472 ῖ
1313 3408 1393 3474 mihi
1417 3408 1463 3474 ni·

326 3507 387 3572 mis
415 3506 545 3573 videtur
574 3509 765 3593 neglexisse.
811 3511 842 3575 ls
874 3511 962 3575 enim
985 3511 1035 3574 rir
1058 3509 1193 3592 doctus,
1225 3517 1261 3575 ut
1284 3532 1462 3595 pronomen

325 3607 601 3692 interrogativum
628 3634 668 3676 ox
697 3611 869 3678 indefinito
902 3612 1063 3697 originem
1095 3613 1219 3696 cepisse
1250 3611 1463 3698 demonstret,

326 3732 426 3794 quam
448 3712 586 3779 eandem
602 3714 799 3779 senteutiam
815 3713 1044 3780 Schdmannus
1059 3736 1189 3798 quoque
1205 3714 1331 3797 profert
1347 3714 1463 3801 (Rede-

327 3812 428 3879 theile
451 3832 481 3896 p.
506 3817 545 3879 98
570 3819 667 3901 sqq),
691 3839 764 3882 cum
787 3837 1054 3900 unamquamque
1078 3818 1111 3881 in
1135 3817 1281 3900 qualibet
1312 3820 1464 3886 enuntia-

325 3916 416 3981 tione
447 3938 557 3982 rocem
591 3919 742 3983 idoneam
775 3939 846 3984 esse
878 3941 963 4002 quae
994 3927 1131 3984 accentu
1155 3919 1309 3984 ‹listineta
1331 3942 1464 3987 munere

325 4018 559 4102 interrogativo
577 4021 733 4105 fungatur
751 4029 821 4087 tum
836 4022 887 4086 rel
905 4023 1045 4087 maxime
1062 4043 1241 4105 pronomen
1257 4022 1463 4089 indefinitum

324 4117 407 4203 ,kas
436 4121 498 4187 kis‘
532 4124 653 4208 quippe
687 4125 775 4206 quod
809 4126 958 4209 ignotum
1001 4123 1128 4208 aliquid
1161 4125 1248 4206 quod
1286 4134 1465 4207 quaeratur
